3830 5786
909 631 1087 699 ..10-

388 801 480 870 mani
506 799 665 892 usurpari
684 799 813 883 solent;
839 798 1063 868 Lucullorum
1086 807 1204 868 autem
1227 800 1372 870 fratrum
1391 813 1513 873 neuter
1534 814 1613 874 ants

386 919 516 988 ballum
526 916 796 988 Mithridaticum
806 917 1047 1005 magistratum
1056 915 1165 984 ullum
1175 913 1444 1010 obtinuitueque
1456 919 1612 990 obtinere

388 1033 497 1125 potuit
513 1035 535 1102 ¹.
551 1033 678 1102 Contra
692 1033 733 1102 L.
750 1030 916 1102 Lucullus
932 1040 1040 1122 pater,
1055 1054 1098 1100 eo
1113 1031 1334 1122 potissimum
1354 1055 1445 1103 anno
1467 1057 1535 1126 quo
1550 1037 1612 1104 Ar·

387 1149 484 1218 chius
494 1150 639 1218 Romam
655 1149 832 1238 ingressus
847 1157 912 1230 est,
927 1157 1066 1238 praetor
1077 1169 1156 1216 cnm
1172 1147 1319 1239 imperio
1335 1158 1505 1242 almagno
1516 1173 1611 1221 exer·

388 1264 458 1332 citu
473 1265 508 1332 in
525 1263 693 1347 Siciliam,
715 1261 757 1332 ad
772 1263 901 1333 bellum
915 1261 1039 1331 servile
1059 1262 1365 1352 exstinguendum,
1377 1273 1430 1334 est
1444 1266 1572 1336 missus
1587 1269 1611 1338 ⁵.

388 1380 500 1469 Hujus
521 1379 558 1448 in
573 1378 713 1448 cohorte
734 1377 907 1468 praetoria
920 1376 1026 1446 luisse
1042 1376 1219 1463 Archiam,
1236 1378 1295 1470 qui
1311 1401 1366 1447 res
1382 1380 1423 1449 ab
1439 1402 1479 1450 eo
1494 1391 1611 1473 gestas

389 1495 599 1567 carminibus
611 1494 811 1577 illustraret,
823 1493 970 1563 libenter
985 1492 1171 1564 crederem.
1188 1493 1280 1564 Sane
1296 1494 1549 1567 obstantverba
1564 1499 1610 1570 M.

388 1612 492 1683 Tullii
511 1612 593 1680 sotis
615 1610 714 1702 looqo
738 1608 940 1693 internarum
969 1608 1030 1678 sad
1056 1608 1143 1679 hooc
1166 1608 1220 1679 vel
1246 1611 1435 1682 memoriae
1461 1613 1613 1682 defectus

388 1727 613 1812 excusat,ch
633 1725 769 1795 animus
789 1725 936 1817 patroni,
964 1746 1091 1794 causac
1118 1725 1229 1817 magis
1255 1747 1361 1816 quam
1378 1727 1514 1798 veritati
1542 1740 1614 1799 stu·

389 1845 529 1914 dentis:
551 1841 681 1912 scilicet
701 1841 841 1932 pigebat
859 1841 1011 1931 profiteri
1032 1840 1195 1910 Archiam
1222 1842 1383 1936 auspiciis
1399 1851 1434 1914 et
1448 1843 1613 1916 benalicio

390 1960 542 2030 hominis
555 1958 728 2051 pessimae
742 1965 845 2028 notae
860 1955 997 2026 initium
1016 1956 1174 2025 fortunae
1189 1956 1328 2027 fecisse.

433 2189 494 2258 xl.
511 2189 683 2273 Ceterum,
701 2187 730 2255 si
753 2185 899 2256 Archias
920 2207 1039 2254 revera
1064 2183 1209 2254 Iliadem
1237 2187 1427 2277 scripturus
1458 2187 1615 2257 Siciliam

391 2305 533 2388 adierat,
564 2303 721 2374 destituit
744 2311 881 2397 poetam
911 2302 1082 2392 promissa
1109 2301 1285 2371 materies.
1314 2303 1403 2372 Nam
1434 2303 1614 2388 Lucullus,

390 2419 509 2511 paucis
523 2440 685 2511 prospere
700 2417 820 2507 gestis,
839 2415 875 2484 in
890 2414 1079 2485 obsidendo
1101 2416 1226 2510 oppido
1247 2418 1520 2488 Triocalinorum
1543 2417 1616 2488 fru-

392 2545 463 2606 stra
475 2555 615 2627 operam
631 2532 795 2624 perdidit;
811 2554 893 2601 mox
907 2554 963 2599 res
980 2532 1129 2619 trahere,
1157 2555 1283 2604 vexare
1302 2532 1429 2616 socios,
1453 2533 1614 2626 denique,

391 2661 565 2744 comperto
575 2649 612 2721 C.
625 2648 822 2736 Servilium,
836 2668 1072 2718 successorem
1083 2647 1148 2717 sibi
1157 2649 1314 2736 missum,
1327 2649 1614 2742 appropinquare,

392 2767 544 2837 dimissis
571 2766 750 2854 militibus,
785 2787 913 2857 aggere
952 2765 1146 2849 combusto,
1178 2764 1365 2858 expilatam
1405 2767 1617 2858 provinciam

391 2881 710 2952 stomachabundus
724 2880 898 2974 reliquit⁸.
919 2880 1047 2949 Verum
1064 2901 1085 2949 a
1102 2879 1249 2950 Servilio
1268 2904 1400 2972 auguro
1416 2882 1619 2974 repetunda-

392 3023 469 3070 rum
490 3022 571 3069 reus
589 3000 712 3083 iactus,
731 3022 810 3070 cum
833 2999 907 3091 ipse
930 2997 1144 3084 Numidicus,
1168 2998 1268 3089 cujus
1288 3018 1442 3068 sororem
1463 2996 1616 3082 duxerat,

387 3121 509 3210 juvare
521 3140 600 3186 oum
610 3116 809 3187 testimonio
820 3112 1162 3192 recusaret‘‚exsilio
1174 3112 1431 3182 damnationem
1443 3114 1614 3186 anteivit⁵.

391 3234 470 3303 Jam
494 3256 573 3303 cum
597 3233 633 3302 in
651 3231 754 3301 dubio
777 3231 822 3300 sit
844 3253 912 3324 quo
932 3237 1045 3322 pacto,
1064 3251 1133 3319 quo
1148 3227 1293 3298 consilio
1318 3229 1485 3300 Lucullus
1505 3252 1620 3322 epro-

393 3349 506 3418 vincia
530 3372 595 3418 sua
619 3350 727 3419 redux
756 3348 959 3418 fleracleam
983 3344 1116 3412 venerit
1138 3345 1317 3436 (oppidum
1346 3354 1420 3414 erat
1445 3345 1618 3432 Lucauiae,

392 3466 529 3535 colonia
553 3465 830 3548 Tarentinorum,
854 3463 896 3533 ad
921 3462 1051 3530 flumen
1080 3457 1185 3546 Sinin,
1213 3483 1232 3531 e
1260 3461 1378 3532 Sicilia
1400 3461 1621 3532 venientibus

391 3583 511 3674 procul
535 3591 628 3651 extra
653 3581 746 3650 viam
770 3579 949 3672 positum),
976 3579 1069 3650 haud
1093 3579 1208 3669 inepta
1233 3576 1373 3670 quidam
1402 3579 1623 3668 conjecerunt

392 3697 596 3768 Heracleam
617 3695 667 3766 illi
691 3720 762 3766 uon
784 3695 1039 3780 diverticulum,
1062 3695 1122 3764 sed
1138 3693 1300 3765 exsilium
1320 3693 1439 3764 fuisse.
1457 3692 1558 3776 Quod
1581 3715 1621 3761 co

429 3960 454 4015 l.
478 3957 579 4016 Lucius
595 3963 725 4032 quaestor
743 3955 836 4013 Sullas
855 3971 929 4013 anno
944 3957 999 4014 666
1016 3955 1086 4022 luit3
1111 3951 1193 4010 etiam
1215 3952 1338 4010 Marcum
1361 3951 1440 4009 Sulla
1451 3958 1622 4027 quaestorem

392 4038 526 4095 babuisse
540 4037 641 4096 dicitur
654 4037 758 4110 (Plut.,
775 4038 849 4100 Luc..
865 4037 926 4109 37).

428 4121 456 4175 2.
477 4117 556 4175 Diod.
571 4117 640 4182 sie..
656 4117 781 4184 XXXVI,
796 4119 833 4184 23
849 4119 875 4174 8.
891 4119 987 4172 Annus
1001 4115 1104 4171 diserte
1124 4113 1261 4170 indicatur
1285 4131 1310 4174 c.
1332 4131 1350 4168 x
1373 4113 1460 4169 initio.
1482 4111 1623 4186 Siquidem

394 4198 493 4255 bellum
507 4197 602 4254 servile
621 4205 751 4270 quattuor
765 4197 820 4252 lere
834 4213 922 4254 annos
936 4196 1045 4254 durarit
1062 4194 1199 4268 (ib.‚10),
1220 4192 1274 4262 cui,
1289 4193 1375 4264 primo
1394 4210 1477 4264 anno,
1498 4193 1530 4249 P.
1553 4191 1624 4248 Lici-

393 4278 455 4334 nius
469 4278 558 4334 Nerva
576 4278 680 4350 (Diod,
700 4276 904 4347 xxxv1,375‚
927 4275 1059 4343 secundo,
1084 4272 1215 4330 Lucullus
1234 4281 1261 4328 et
1282 4272 1313 4334 C.
1330 4274 1461 4330 Servilius
1475 4272 1538 4346 (ib,
1553 4275 1622 4340 8-9),

394 4359 473 4417 tertio
487 4365 515 4414 et
528 4366 635 4430 quarto,
650 4357 777 4432 Aquilius
791 4355 921 4430 praefuit.
936 4356 979 4412 Ab
1002 4355 1048 4413 illo
1060 4371 1110 4428 pro
1123 4355 1236 4412 consula
1250 4357 1333 4428 (auno
1346 4355 1400 4410 654
1412 4352 1445 4410 U.
1461 4353 1506 4426 C.)
1516 4351 1623 4410 finitum

395 4446 438 4496 est
450 4437 566 4512 (Livius,
582 4441 648 4510 Ep„
659 4439 709 4505 693
725 4435 901 4508 Obsequens,
917 4453 950 4509 p.
970 4436 1021 4493 tto
1034 4435 1130 4508 Jahn).

430 4519 457 4575 3.
478 4518 557 4574 Diod.
574 4519 642 4588 Sic,
657 4517 784 4583 XXXVI,
799 4519 835 4586 2;
850 4521 878 4574 8.

432 4601 458 4656 l.
480 4597 548 4668 Cio,
571 4601 648 4655 Verr.
662 4601 739 4665 Aca,
756 4596 802 4665 lV,
818 4613 892 4666 cxvi,
909 4599 972 4656 147.

427 4681 456 4738 5.
475 4679 567 4747 Diod,
583 4677 708 4745 XXXVI,
725 4679 793 4744 8·9;
812 4677 897 4746 Plut,
913 4680 990 4746 Luc„
1006 4680 1032 4738 l.
1044 4676 1085 4737 ct
1102 4675 1172 4748 Cic,
1187 4675 1289 4743 Accd„
1305 4675 1365 4747 ll,l
1380 4691 1388 4740 ς
1402 4677 1440 4730 lla
1452 4689 1531 4748 proc.
1544 4689 1619 4734 cous.

398 4758 823 4829 mmmmffimw
