3830 5786
928 683 1084 750 ..g-

445 858 537 929 VllI.
551 857 737 950 Sedneque
750 855 910 950 Neapolis
923 878 1035 948 neque
1045 851 1626 924 Lacedaemonium'l'arentumcre-

403 975 510 1046 secuti
526 975 656 1066 gloriae
678 985 711 1044 et
735 973 914 1043 ambitioni
931 971 1077 1041 Archiae
1093 968 1153 1038 diu
1177 969 1382 1038 suffecerunt
1399 992 1407 1040 :
1424 971 1535 1062 major
1551 968 1625 1037 del-

402 1091 527 1183 phinus
544 1101 615 1159 erat
631 1113 734 1183 quarn
758 1100 794 1158 ut
815 1091 875 1158 tali
899 1089 1017 1182 patina
1040 1086 1272 1156 contineretur
1289 1087 1313 1156 ¹.
1336 1086 1447 1176 Igitur
1464 1085 1624 1176 Magnam

404 1205 582 1274 Graeciam
597 1204 698 1274 Latio
711 1205 870 1286 mutavit,
886 1226 967 1272 mox
983 1199 1196 1273 domicilium
1210 1200 1394 1293 sedemque
1410 1201 1626 1270 fortunarum

403 1343 544 1392 suarum
558 1322 704 1391 Romam
726 1321 914 1405 transtulit,
930 1341 1020 1388 auno
1039 1318 1081 1389 U.
1101 1317 1138 1387 C.
1156 1318 1232 1400 652,
1252 1317 1288 1387 C.
1308 1317 1415 1386 Mario
1431 1340 1478 1401 ιιι,
1494 1317 1536 1401 Q.
1556 1316 1627 1385 Lu-

402 1438 485 1507 tatio
502 1437 622 1508 Catulo
638 1460 727 1507 coss.
741 1438 753 1473 ¹
767 1439 884 1529 Neque
900 1435 1051 1505 alienum
1068 1433 1267 1525 migrationi
1284 1443 1420 1524 tempus
1438 1432 1625 1502 Graeculus

401 1537 518 1622 noster
535 1554 698 1644 elegerat.
713 1553 777 1621 His
791 1552 883 1622 enim
898 1551 1010 1626 annis.
1021 1553 1112 1618 inter
1131 1548 1352 1618 Gracchanos
1365 1558 1399 1616 et
1412 1548 1625 1640 Apuleiauos

273 1648 279 1670 ⁶
402 1669 571 1739 tumultus
587 1668 812 1762 interpositis,
830 1667 900 1737 alta
913 1665 1174 1759 tranquillitate,
1196 1686 1283 1758 quae
1300 1664 1424 1733 studiis
1443 1665 1626 1734 humanio-

403 1785 497 1855 ribus
516 1784 642 1854 idonea
666 1783 830 1868 conditio,
851 1782 1063 1875 respublica
1087 1781 1180 1851 domi
1199 1781 1387 1851 fruebatur.
1411 1782 1500 1851 Sane
1520 1781 1625 1850 inter-

401 1903 480 1971 dum
509 1910 669 1971 extamus
694 1901 798 1969 timor
820 1899 892 1968 otia
918 1899 1177 1990 corrumpebat;
1204 1896 1265 1965 aad
1286 1899 1360 1988 Jam
1387 1897 1429 1966 do
1456 1897 1628 1989 Jugurtha

401 2028 528 2101 actum,
540 2016 688 2087 Teutoni
702 2039 742 2085 eo
758 2016 834 2113 ipso
847 2037 937 2085 anno
954 2037 1021 2106 quo
1037 2013 1182 2083 Archias
1195 2013 1321 2085 Urbem
1338 2013 1477 2082 intravit
1491 2013 1627 2105 penitus

399 2133 515 2202 deleti.
533 2132 630 2201 Adde
650 2132 740 2224 quod
760 2130 933 2214 nobilitas,
952 2129 1006 2199 cui
1027 2128 1237 2221 respublica
1258 2127 1571 2213 administrabatur,
1589 2129 1625 2199 in

399 2271 541 2341 graecas
561 2258 652 2317 artes
675 2257 710 2316 et
728 2247 928 2338 disciplinas
945 2245 1055 2336 magis
1078 2267 1116 2314 ac
1141 2244 1252 2335 magis
1271 2244 1408 2321 ruebat;
1425 2246 1568 2336 jamque
1583 2268 1623 2314 eo

397 2371 540 2433 ventum
565 2372 638 2432 erat
662 2372 711 2446 ut,
736 2383 956 2430 comumnes
979 2359 1170 2449 elegantiae
1194 2358 1333 2428 laudem
1358 2369 1621 2443 assectarentur,

400 2479 509 2550 doctis
522 2480 635 2572 ignari
651 2479 885 2558 concinerent,
900 2498 1021 2570 graece
1040 2475 1174 2544 nescire
1188 2475 1310 2568 pudori
1327 2485 1429 2560 esset,
1446 2476 1504 2544 vix
1520 2476 1624 2545 latine

398 2597 549 2666 scribere
565 2595 740 2664 decorum.
754 2595 845 2686 Ergo
861 2595 1027 2674 rhetores,
1044 2590 1253 2684 philosophi,
1270 2593 1484 2682 grammatici
1496 2594 1622 2682 graeci,

398 2714 522 2808 spretis
547 2713 697 2805 legibus,
715 2711 881 2803 paulatim
897 2710 1042 2780 Romam
1058 2709 1242 2791 confluere,
1260 2709 1318 2778 ubi
1336 2730 1449 2794 aures,
1466 2710 1494 2778 si
1510 2710 1625 2779 miuus

397 2831 572 2913 delicatas,
589 2839 704 2898 tamen
720 2827 838 2897 avidas
854 2837 887 2896 et
906 2835 1059 2918 paratam
1080 2824 1271 2916 pecuniam,
1289 2824 1428 2917 quaein
1447 2823 1519 2893 dies
1533 2825 1624 2917 apud

396 2967 497 3034 reges
507 2945 617 3011 rarior
630 2941 744 3025 tiebat,
757 2941 987 3010 inveniebant.
1002 2939 1091 3009 Sane
1108 2939 1144 3007 in
1159 2938 1223 3007 hae
1231 2937 1330 3006 turba
1340 2937 1469 3006 eximia
1482 2938 1624 3029 ingenia

395 3061 524 3129 frustra
541 3057 765 3151 quaesiveris,
786 3080 826 3126 eo
846 3059 957 3146 major
970 3054 1197 3124 mediocritati
1217 3054 1338 3124 bonos.
1357 3053 1520 3124 Archiam
1541 3078 1623 3125 vero

396 3176 440 3268 (si
468 3173 624 3244 Ciceroni
648 3173 832 3271 credimus)
859 3171 963 3240 etiam
989 3171 1082 3239 fama
1111 3192 1174 3239 sua
1199 3179 1430 3238 antecesserat
1455 3191 1463 3238 :
1491 3170 1623 3240 scilicet

396 3289 540 3359 Crassus
555 3299 590 3357 et
601 3287 755 3372 Catulus,
769 3287 827 3380 qui
838 3288 1042 3374 magistrum
1057 3289 1132 3378 ejus
1146 3285 1365 3377 Antipatrum
1378 3285 1482 3378 probe
1498 3309 1623 3377 coguo-
1716 3353 1719 3362 ,

393 3405 546 3484 veraut⁸,
561 3403 726 3494 juvenem
741 3411 881 3494 poetam
896 3401 1013 3470 nescio
1028 3423 1069 3469 an
1089 3401 1235 3470 Romam
1252 3401 1504 3470 arcessiverint.
1523 3403 1622 3473 Certe

394 3531 555 3613 acceptus
571 3518 768 3588 hominibus
783 3518 1042 3588 litteratissimis
1055 3519 1163 3603 uenit,
1184 3541 1292 3610 eoque
1309 3519 1421 3610 magis
1436 3521 1527 3612 quod
1544 3521 1624 3588 nul-

393 3638 449 3705 lus
459 3646 540 3705 aute
552 3657 630 3703 eum
643 3656 788 3726 graecus
798 3643 911 3726 poeta,
925 3635 1098 3726 ingenuae
1112 3634 1251 3726 quidem
1262 3635 1483 3719 conditionis,
1494 3635 1622 3706 Urbem

395 3751 534 3822 assidue
549 3749 751 3818 incoluerat.

438 3964 497 4033 lX.
514 3963 622 4032 Primi
639 3961 857 4054 optimatium
873 3962 1010 4033 Luculli
1028 3965 1180 4057 hospitio
1202 3966 1367 4037 Archiam
1390 3977 1617 4059 exceperunt;

394 4083 493 4171 cujus
509 4079 630 4148 domus
644 4078 803 4170 princeps
818 4086 853 4146 et
868 4089 969 4169 caput
986 4079 1115 4149 Lucius
1131 4091 1216 4166 erat,
1231 4081 1273 4152 L.
1302 4083 1491 4152 consularis
1513 4081 1619 4168 tilius,

392 4197 451 4288 qui
467 4217 507 4264 eo
526 4205 678 4284 tempore
694 4204 854 4285 praetura
871 4193 905 4263 in
922 4195 1012 4266 Urbe
1031 4196 1238 4289 fungebatur
1252 4209 1297 4281 et,
1315 4209 1461 4292 utroque
1477 4199 1619 4268 consule

391 4329 470 4377 cum
485 4306 637 4376 exercitu
651 4306 804 4386 absente,
818 4308 1080 4398 rempublicam
1095 4311 1349 4403 quodammodo
1365 4313 1506 4403 regebat
1522 4317 1545 4383 ⁴.
1563 4315 1618 4383 llli

426 4489 452 4542 t.
467 4483 559 4541 Verba
577 4491 642 4541 aunt
660 4480 844 4556 Amphicratis
868 4485 984 4542 rhetoris
1006 4486 1198 4546 invitationem
1215 4491 1422 4550 Seleucensium
1443 4493 1621 4550 detrectantis

391 4565 655 4714 (pparqrqupchpp
672 4643 721 4711 ιιι,
740 4645 758 4699 5

426 4729 453 4782 3.
475 4725 577 4792 Cicero,
594 4727 633 4780 De
647 4729 764 4794 oratore,
777 4723 824 4783 111.
841 4742 867 4790 r,
886 4727 952 4784 19⁴.

428 4809 454 4864 4.
475 4804 555 4861 Diod.
572 4803 642 4876 Sim,
656 4805 783 4874 xxxvl,
798 4805 837 4859 2:
854 4812 899 4866 ἕνα
914 4818 963 4861 τῶν
978 4808 1043 4862 κατὰ
1059 4811 1130 4866 πόλιν
1145 4825 1301 4886 στρατηγῶν.
