3830 5786
925 683 1104 746 ...54-

401 847 572 940 poetieum
593 845 723 915 fontem
746 846 873 935 arguit.
900 846 1005 935 Ergo,
1028 847 1094 914 nisi
1122 869 1262 939 prorsus
1289 844 1452 928 bariolen
1477 847 1626 917 eximius

401 963 457 1032 ille
474 973 589 1031 noster
607 962 862 1050 tragoediarum
882 965 1040 1054 scriptor,
1062 963 1121 1054 qui
1140 963 1174 1032 in
1196 961 1393 1032 Mithridate
1412 963 1529 1032 fabula
1547 964 1628 1033 Plu·

400 1079 575 1148 tarchiana
594 1080 638 1147 ad
655 1076 797 1146 verbum
813 1078 991 1168 expressit,
1010 1100 1080 1146 non
1099 1078 1315 1163 historicum,
1333 1089 1372 1147 ut
1394 1079 1549 1169 putebat,
1567 1080 1627 1148 sed

402 1203 537 1286 poetam
557 1205 658 1286 poeta
672 1193 824 1262 insciens
837 1193 1082 1284 interpretatus
1096 1201 1160 1262 est.

370 1498 373 1504 Δ
445 1428 556 1500 XXII.
581 1431 674 1498 Haec
689 1437 784 1498 erant
799 1427 906 1496 ferme
918 1448 1006 1517 quae
1018 1427 1059 1495 de
1070 1428 1219 1496 Archiae
1229 1435 1351 1519 poetae
1361 1425 1431 1496 vita
1440 1448 1480 1497 ac
1490 1427 1628 1519 scriptis

401 1545 623 1617 memoranda
645 1543 831 1626 habeham;
854 1565 941 1634 quae
958 1565 1050 1612 nunc
1073 1543 1193 1634 paucis
1216 1543 1265 1611 ita
1287 1541 1460 1634 colligam.
1478 1543 1560 1612 Fuit
1576 1543 1629 1611 vir

401 1663 526 1745 honus,
548 1683 611 1730 nec
630 1670 745 1728 tamen
766 1658 955 1727 utilitatum
975 1680 1114 1726 suarum
1140 1657 1350 1746 incuriosus,
1371 1659 1537 1727 suavitate
1557 1681 1629 1728 mo·

402 1801 478 1847 rum
495 1777 657 1858 Graecus,
674 1775 812 1845 levitate
828 1774 947 1864 Syrus,
968 1785 1002 1842 et
1012 1774 1067 1842 cui
1083 1772 1169 1843 illud
1184 1772 1410 1843 Horatianum
1426 1773 1601 1843 arrisisset
1617 1798 1625 1845 ε

560 1941 759 2025 Principibus
771 1939 925 2024 placuisse
942 1940 1017 2000 viris
1029 1959 1089 2001 non
1102 1939 1214 2002 ultimo
1227 1940 1296 2002 laus
1311 1950 1365 2002 est.

401 2110 617 2183 Carminibus
630 2113 706 2201 ejus
717 2109 1014 2200 magisingenium
1027 2128 1066 2176 ac
1075 2107 1222 2190 novitas,
1231 2129 1336 2199 quam
1345 2108 1491 2177 facultas
1501 2119 1560 2177 aut
1571 2131 1627 2178 ars

401 2229 583 2297 defuerunt
596 2254 604 2296 :
619 2226 743 2318 ubique
752 2225 1020 2318 extemporalem
1033 2223 1234 2316 scriptorem
1245 2222 1626 2316 deprehendas,uhique

399 2343 621 2425 imitatorem,
644 2342 729 2422 sive,
747 2341 781 2408 in
802 2340 1072 2432 epigrammatis,
1086 2338 1260 2408 Leonidae
1280 2350 1314 2407 et
1333 2338 1518 2431 Antipatri,
1538 2338 1625 2427 sive,

400 2461 437 2528 in
467 2459 628 2540 heroicis,
657 2457 798 2526 Homeri
831 2466 865 2525 et
892 2455 1204 2524 Alexandrinorum
1231 2455 1379 2544 vestigia
1406 2458 1541 2546 premit.
1574 2457 1627 2526 lta

400 2598 516 2645 rerum
536 2575 726 2643 alienarum
749 2570 965 2665 occupationi
993 2582 1166 2654 assuetus,
1196 2571 1318 2640 ultimo
1346 2571 1422 2641 loco
1452 2570 1625 2641 civitatem

401 2713 580 2760 romanam
591 2689 772 2781 occupavit
784 2712 791 2771 3
804 2689 839 2757 id
854 2688 904 2756 illi
920 2687 1118 2756 Ciceronem
1135 2687 1364 2772 defensorem,
1377 2688 1412 2758 id
1426 2709 1626 2758 mansuram

400 2808 545 2887 lamam,
574 2829 678 2899 quam
717 2806 843 2874 frustra
878 2826 920 2872 ex
948 2802 1085 2893 scriptis
1119 2801 1344 2893 speravisset,
1370 2804 1495 2872 attulit.
1527 2805 1625 2872 Adeo

398 2946 518 2992 verum
537 2933 590 2991 est
613 2923 677 2991 hoc
696 2921 894 3018 Plinianurn
910 2920 945 2986 ¹:
971 2918 1148 3011 plerosque
1176 2917 1325 2986 aliorum
1351 2918 1487 3009 iaqem'o
1515 2919 1624 3010 mcpr’s

398 3062 505 3130 quam
518 3062 576 3106 suo
592 3036 841 3106 commendarit

433 3261 459 3316 l.
475 3263 549 3318 Hist.
565 3267 637 3328 not,
655 3259 779 3328 XXXIV,
795 3276 854 3326 viu,
873 3261 918 3315 57.
