<?xml version="1.0" encoding="UTF-8"?>
<!DOCTYPE html PUBLIC "-//W3C//DTD XHTML 1.0 Transitional//EN"
    "http://www.w3.org/TR/xhtml1/DTD/xhtml1-transitional.dtd">
<html xmlns="http://www.w3.org/1999/xhtml" xml:lang="en" lang="en">
 <head>
  <title>
</title>
<meta http-equiv="Content-Type" content="text/html;charset=utf-8" />
  <meta name='ocr-system' content='tesseract 3.04.00' />
  <meta name='ocr-capabilities' content='ocr_page ocr_carea ocr_par ocr_line ocrx_word'/>
</head>
<body>
  <div class='ocr_page' id='page_1' title='image "./diearchiapoetat00reingoog_0048.png"; bbox 0 0 3830 5786; ppageno 0'>
   <div class='ocr_carea' id='block_1_1' title="bbox 776 659 951 726">
    <p class='ocr_par' dir='ltr' id='par_1_1' title="bbox 776 659 951 726">
     <span class='ocr_line' id='line_1_1' title="bbox 776 659 951 726; baseline -0.034 -12"><span class='ocrx_word' id='word_1_1' title='bbox 776 659 951 726; x_wconf 73' lang='lat'>..33-</span> 
     </span>
    </p>
   </div>
   <div class='ocr_carea' id='block_1_2' title="bbox 183 827 1478 4510">
    <p class='ocr_par' dir='ltr' id='par_1_2' title="bbox 251 827 1478 1037">
     <span class='ocr_line' id='line_1_2' title="bbox 252 827 1477 922; baseline -0.003 -24"><span class='ocrx_word' id='word_1_2' title='bbox 252 829 391 899; x_wconf 90' lang='lat' dir='ltr'>nomine</span> <span class='ocrx_word' id='word_1_3' title='bbox 419 828 623 920; x_wconf 89' lang='lat' dir='ltr'>simpliciter</span> <span class='ocrx_word' id='word_1_4' title='bbox 647 829 826 922; x_wconf 89' lang='lat' dir='ltr'>inscripta,</span> <span class='ocrx_word' id='word_1_5' title='bbox 844 850 993 918; x_wconf 91' lang='lat' dir='ltr'>quorum</span> <span class='ocrx_word' id='word_1_6' title='bbox 1011 827 1079 895; x_wconf 91' lang='lat' dir='ltr'>duo</span> <span class='ocrx_word' id='word_1_7' title='bbox 1102 827 1192 918; x_wconf 93' lang='lat' dir='ltr'>apud</span> <span class='ocrx_word' id='word_1_8' title='bbox 1214 827 1325 896; x_wconf 90' lang='lat' dir='ltr'>solum</span> <span class='ocrx_word' id='word_1_9' title='bbox 1350 827 1477 896; x_wconf 91' lang='lat' dir='ltr'>Planu-</span> 
     </span>
     <span class='ocr_line' id='line_1_3' title="bbox 251 943 1478 1037; baseline -0.002 -23"><span class='ocrx_word' id='word_1_10' title='bbox 251 947 341 1029; x_wconf 89' lang='lat' dir='ltr'>dem,</span> <span class='ocrx_word' id='word_1_11' title='bbox 354 945 486 1037; x_wconf 90' lang='lat' dir='ltr'>reliqua</span> <span class='ocrx_word' id='word_1_12' title='bbox 498 943 533 1013; x_wconf 93' lang='lat' dir='ltr'>in</span> <span class='ocrx_word' id='word_1_13' title='bbox 544 944 661 1014; x_wconf 89' lang='lat' dir='ltr'>codice</span> <span class='ocrx_word' id='word_1_14' title='bbox 672 945 831 1014; x_wconf 89' lang='lat' dir='ltr'>Palatino</span> <span class='ocrx_word' id='word_1_15' title='bbox 842 944 1017 1034; x_wconf 90' lang='lat' dir='ltr'>leguntur.</span> <span class='ocrx_word' id='word_1_16' title='bbox 1031 943 1145 1011; x_wconf 84' lang='lat' dir='ltr'>Etiam</span> <span class='ocrx_word' id='word_1_17' title='bbox 1156 943 1337 1012; x_wconf 89' lang='lat' dir='ltr'>illaomnia</span> <span class='ocrx_word' id='word_1_18' title='bbox 1348 945 1478 1036; x_wconf 87' lang='lat' dir='ltr'>(quam-</span> 
     </span>
    </p>

    <p class='ocr_par' dir='ltr' id='par_1_3' title="bbox 183 1058 1478 4510">
     <span class='ocr_line' id='line_1_4' title="bbox 250 1058 1475 1151; baseline -0.002 -21"><span class='ocrx_word' id='word_1_19' title='bbox 250 1061 301 1130; x_wconf 89' lang='lat' dir='ltr'>vis</span> <span class='ocrx_word' id='word_1_20' title='bbox 319 1061 404 1129; x_wconf 86' lang='lat' dir='ltr'>nihil</span> <span class='ocrx_word' id='word_1_21' title='bbox 419 1059 513 1128; x_wconf 89' lang='lat' dir='ltr'>iniis</span> <span class='ocrx_word' id='word_1_22' title='bbox 536 1059 830 1129; x_wconf 71' lang='lat' dir='ltr'>animadvertatur</span> <span class='ocrx_word' id='word_1_23' title='bbox 843 1059 938 1151; x_wconf 87' lang='lat' dir='ltr'>quod</span> <span class='ocrx_word' id='word_1_24' title='bbox 954 1058 1130 1129; x_wconf 80' lang='lat' dir='ltr'><strong>Ciceronis</strong></span> <span class='ocrx_word' id='word_1_25' title='bbox 1145 1059 1299 1151; x_wconf 89' lang='lat' dir='ltr'>aequalis</span> <span class='ocrx_word' id='word_1_26' title='bbox 1326 1061 1475 1128; x_wconf 90' lang='lat' dir='ltr'>scribere</span> 
     </span>
     <span class='ocr_line' id='line_1_5' title="bbox 183 1155 1471 1269; baseline -0.004 -22"><span class='ocrx_word' id='word_1_27' title='bbox 183 1155 187 1165; x_wconf 36' lang='grc' dir='ltr'>Ι</span> <span class='ocrx_word' id='word_1_28' title='bbox 250 1178 499 1269; x_wconf 91' lang='lat' dir='ltr'>nonpotuerit)</span> <span class='ocrx_word' id='word_1_29' title='bbox 519 1200 590 1247; x_wconf 91' lang='lat' dir='ltr'>non</span> <span class='ocrx_word' id='word_1_30' title='bbox 605 1177 705 1268; x_wconf 89' lang='lat' dir='ltr'>pauci</span> <span class='ocrx_word' id='word_1_31' title='bbox 726 1176 836 1246; x_wconf 90' lang='lat' dir='ltr'>critici</span> <span class='ocrx_word' id='word_1_32' title='bbox 862 1175 1010 1245; x_wconf 80' lang='lat' dir='ltr'>Archiae</span> <span class='ocrx_word' id='word_1_33' title='bbox 1037 1186 1154 1245; x_wconf 90' lang='lat' dir='ltr'>nostro</span> <span class='ocrx_word' id='word_1_34' title='bbox 1179 1175 1471 1268; x_wconf 81' lang='lat' dir='ltr'>abjudicaverunt,</span> 
     </span>
     <span class='ocr_line' id='line_1_6' title="bbox 251 1291 1474 1384; baseline -0.001 -23"><span class='ocrx_word' id='word_1_35' title='bbox 251 1293 312 1362; x_wconf 91' lang='lat' dir='ltr'>sed</span> <span class='ocrx_word' id='word_1_36' title='bbox 335 1293 496 1378; x_wconf 90' lang='lat' dir='ltr'>iulirmis,</span> <span class='ocrx_word' id='word_1_37' title='bbox 515 1303 553 1362; x_wconf 91' lang='lat' dir='ltr'>ut</span> <span class='ocrx_word' id='word_1_38' title='bbox 575 1293 661 1361; x_wconf 92' lang='lat' dir='ltr'>mibi</span> <span class='ocrx_word' id='word_1_39' title='bbox 685 1293 833 1376; x_wconf 90' lang='lat' dir='ltr'>videtur,</span> <span class='ocrx_word' id='word_1_40' title='bbox 856 1292 1080 1384; x_wconf 79' lang='lat' dir='ltr'>argumentis.</span> <span class='ocrx_word' id='word_1_41' title='bbox 1103 1293 1190 1360; x_wconf 90' lang='lat' dir='ltr'>Nam</span> <span class='ocrx_word' id='word_1_42' title='bbox 1206 1291 1297 1382; x_wconf 92' lang='lat' dir='ltr'>quod</span> <span class='ocrx_word' id='word_1_43' title='bbox 1312 1292 1474 1361; x_wconf 79' lang='lat' dir='ltr'>Archiam</span> 
     </span>
     <span class='ocr_line' id='line_1_7' title="bbox 251 1407 1474 1501; baseline -0.001 -24"><span class='ocrx_word' id='word_1_44' title='bbox 251 1432 353 1479; x_wconf 90' lang='lat' dir='ltr'>suurn</span> <span class='ocrx_word' id='word_1_45' title='bbox 383 1409 501 1480; x_wconf 83' lang='lat' dir='ltr'>Cicero</span> <span class='ocrx_word' id='word_1_46' title='bbox 529 1407 709 1501; x_wconf 83' lang='lat' dir='ltr'>exquisitis</span> <span class='ocrx_word' id='word_1_47' title='bbox 738 1408 900 1478; x_wconf 88' lang='lat' dir='ltr'>laudibus</span> <span class='ocrx_word' id='word_1_48' title='bbox 930 1407 1158 1493; x_wconf 83' lang='lat' dir='ltr'>exornaverit,</span> <span class='ocrx_word' id='word_1_49' title='bbox 1187 1408 1474 1499; x_wconf 82' lang='lat' dir='ltr'>epigrammatum</span> 
     </span>
     <span class='ocr_line' id='line_1_8' title="bbox 251 1522 1474 1616; baseline -0.002 -22"><span class='ocrx_word' id='word_1_50' title='bbox 251 1548 333 1596; x_wconf 91' lang='lat' dir='ltr'>vero</span> <span class='ocrx_word' id='word_1_51' title='bbox 346 1525 481 1596; x_wconf 91' lang='lat' dir='ltr'>nullum</span> <span class='ocrx_word' id='word_1_52' title='bbox 498 1524 543 1593; x_wconf 90' lang='lat' dir='ltr'>sit</span> <span class='ocrx_word' id='word_1_53' title='bbox 556 1524 640 1616; x_wconf 92' lang='lat' dir='ltr'>quin</span> <span class='ocrx_word' id='word_1_54' title='bbox 656 1524 829 1593; x_wconf 90' lang='lat' dir='ltr'>mediocre</span> <span class='ocrx_word' id='word_1_55' title='bbox 848 1523 1028 1614; x_wconf 82' lang='lat' dir='ltr'>ingenium</span> <span class='ocrx_word' id='word_1_56' title='bbox 1048 1523 1233 1614; x_wconf 87' lang='lat' dir='ltr'>significet,</span> <span class='ocrx_word' id='word_1_57' title='bbox 1250 1522 1384 1590; x_wconf 92' lang='lat' dir='ltr'>minimi</span> <span class='ocrx_word' id='word_1_58' title='bbox 1400 1545 1474 1592; x_wconf 92' lang='lat' dir='ltr'>mo·</span> 
     </span>
     <span class='ocr_line' id='line_1_9' title="bbox 252 1637 1475 1731; baseline -0.001 -23"><span class='ocrx_word' id='word_1_59' title='bbox 252 1639 358 1708; x_wconf 91' lang='lat' dir='ltr'>menti</span> <span class='ocrx_word' id='word_1_60' title='bbox 379 1638 576 1708; x_wconf 88' lang='lat' dir='ltr'>habendum</span> <span class='ocrx_word' id='word_1_61' title='bbox 600 1648 662 1708; x_wconf 92' lang='lat' dir='ltr'>est.</span> <span class='ocrx_word' id='word_1_62' title='bbox 682 1637 862 1731; x_wconf 91' lang='lat' dir='ltr'>Siquidem</span> <span class='ocrx_word' id='word_1_63' title='bbox 885 1637 1004 1709; x_wconf 88' lang='lat' dir='ltr'>Cicero</span> <span class='ocrx_word' id='word_1_64' title='bbox 1026 1638 1062 1706; x_wconf 90' lang='lat' dir='ltr'>in</span> <span class='ocrx_word' id='word_1_65' title='bbox 1082 1637 1236 1706; x_wconf 90' lang='lat' dir='ltr'>oratione</span> <span class='ocrx_word' id='word_1_66' title='bbox 1260 1660 1323 1728; x_wconf 91' lang='lat' dir='ltr'>pro</span> <span class='ocrx_word' id='word_1_67' title='bbox 1347 1638 1475 1707; x_wconf 82' lang='lat' dir='ltr'>Archia</span> 
     </span>
     <span class='ocr_line' id='line_1_10' title="bbox 251 1753 1475 1846; baseline 0 -22"><span class='ocrx_word' id='word_1_68' title='bbox 251 1778 322 1824; x_wconf 90' lang='lat' dir='ltr'>nou</span> <span class='ocrx_word' id='word_1_69' title='bbox 344 1753 454 1823; x_wconf 91' lang='lat' dir='ltr'>critici</span> <span class='ocrx_word' id='word_1_70' title='bbox 468 1777 608 1838; x_wconf 89' lang='lat' dir='ltr'>munus,</span> <span class='ocrx_word' id='word_1_71' title='bbox 627 1753 688 1823; x_wconf 91' lang='lat' dir='ltr'>sed</span> <span class='ocrx_word' id='word_1_72' title='bbox 716 1753 907 1824; x_wconf 82' lang='lat' dir='ltr'>defensoris</span> <span class='ocrx_word' id='word_1_73' title='bbox 933 1753 1098 1838; x_wconf 87' lang='lat' dir='ltr'>exercuit,</span> <span class='ocrx_word' id='word_1_74' title='bbox 1116 1755 1296 1846; x_wconf 89' lang='lat' dir='ltr'>potuitque</span> <span class='ocrx_word' id='word_1_75' title='bbox 1312 1754 1408 1823; x_wconf 89' lang='lat' dir='ltr'>salva</span> <span class='ocrx_word' id='word_1_76' title='bbox 1421 1777 1475 1824; x_wconf 93' lang='lat' dir='ltr'>re-</span> 
     </span>
     <span class='ocr_line' id='line_1_11' title="bbox 251 1867 1475 1962; baseline -0.002 -23"><span class='ocrx_word' id='word_1_77' title='bbox 251 1871 381 1960; x_wconf 86' lang='lat' dir='ltr'>ligione</span> <span class='ocrx_word' id='word_1_78' title='bbox 398 1869 568 1940; x_wconf 87' lang='lat' dir='ltr'>amicitiae</span> <span class='ocrx_word' id='word_1_79' title='bbox 583 1870 696 1962; x_wconf 88' lang='lat' dir='ltr'>magis</span> <span class='ocrx_word' id='word_1_80' title='bbox 710 1891 814 1962; x_wconf 88' lang='lat' dir='ltr'>quam</span> <span class='ocrx_word' id='word_1_81' title='bbox 828 1869 962 1940; x_wconf 90' lang='lat' dir='ltr'>veritati</span> <span class='ocrx_word' id='word_1_82' title='bbox 977 1871 1167 1939; x_wconf 90' lang='lat' dir='ltr'>consulere.</span> <span class='ocrx_word' id='word_1_83' title='bbox 1186 1867 1277 1950; x_wconf 90' lang='lat' dir='ltr'>Quid</span> <span class='ocrx_word' id='word_1_84' title='bbox 1295 1869 1386 1962; x_wconf 88' lang='lat' dir='ltr'>quod</span> <span class='ocrx_word' id='word_1_85' title='bbox 1401 1891 1475 1937; x_wconf 90' lang='lat' dir='ltr'>ma-</span> 
     </span>
     <span class='ocr_line' id='line_1_12' title="bbox 249 1984 1475 2077; baseline -0.002 -22"><span class='ocrx_word' id='word_1_86' title='bbox 249 1988 326 2076; x_wconf 87' lang='lat' dir='ltr'>jora</span> <span class='ocrx_word' id='word_1_87' title='bbox 339 1985 448 2056; x_wconf 90' lang='lat' dir='ltr'>nostri</span> <span class='ocrx_word' id='word_1_88' title='bbox 462 1985 614 2056; x_wconf 90' lang='lat' dir='ltr'>carmina</span> <span class='ocrx_word' id='word_1_89' title='bbox 627 1986 701 2055; x_wconf 89' lang='lat' dir='ltr'>istis</span> <span class='ocrx_word' id='word_1_90' title='bbox 718 1984 852 2055; x_wconf 91' lang='lat' dir='ltr'>lusibus</span> <span class='ocrx_word' id='word_1_91' title='bbox 863 1985 1010 2055; x_wconf 90' lang='lat' dir='ltr'>meliora</span> <span class='ocrx_word' id='word_1_92' title='bbox 1027 1984 1175 2054; x_wconf 84' lang='lat' dir='ltr'>fuerint?</span> <span class='ocrx_word' id='word_1_93' title='bbox 1190 1985 1271 2077; x_wconf 89' lang='lat' dir='ltr'>quid</span> <span class='ocrx_word' id='word_1_94' title='bbox 1290 1985 1381 2076; x_wconf 90' lang='lat' dir='ltr'>quod</span> <span class='ocrx_word' id='word_1_95' title='bbox 1395 1984 1475 2076; x_wconf 86' lang='lat' dir='ltr'>(nisi</span> 
     </span>
     <span class='ocr_line' id='line_1_13' title="bbox 251 2099 1476 2194; baseline 0 -25"><span class='ocrx_word' id='word_1_96' title='bbox 251 2101 367 2192; x_wconf 84' lang='lat' dir='ltr'>fallor)</span> <span class='ocrx_word' id='word_1_97' title='bbox 392 2102 523 2194; x_wconf 89' lang='lat' dir='ltr'>optima</span> <span class='ocrx_word' id='word_1_98' title='bbox 545 2102 694 2172; x_wconf 87' lang='lat' dir='ltr'>Archiae</span> <span class='ocrx_word' id='word_1_99' title='bbox 721 2123 808 2194; x_wconf 86' lang='lat' dir='ltr'>quac</span> <span class='ocrx_word' id='word_1_100' title='bbox 834 2101 995 2171; x_wconf 83' lang='lat' dir='ltr'>dicuntur·</span> <span class='ocrx_word' id='word_1_101' title='bbox 1027 2100 1274 2192; x_wconf 87' lang='lat' dir='ltr'>epigrammata</span> <span class='ocrx_word' id='word_1_102' title='bbox 1297 2099 1476 2170; x_wconf 89' lang='lat' dir='ltr'>heroicum</span> 
     </span>
     <span class='ocr_line' id='line_1_14' title="bbox 252 2217 1475 2312; baseline -0.001 -26"><span class='ocrx_word' id='word_1_103' title='bbox 252 2218 435 2310; x_wconf 88' lang='lat' dir='ltr'>quemdam</span> <span class='ocrx_word' id='word_1_104' title='bbox 446 2239 614 2310; x_wconf 75' lang='grc' dir='ltr'>χαρακτῆρα</span> <span class='ocrx_word' id='word_1_105' title='bbox 627 2241 707 2312; x_wconf 90' lang='lat' dir='ltr'>prae</span> <span class='ocrx_word' id='word_1_106' title='bbox 718 2241 755 2287; x_wconf 92' lang='lat' dir='ltr'>se</span> <span class='ocrx_word' id='word_1_107' title='bbox 766 2219 854 2287; x_wconf 86' lang='lat' dir='ltr'>ferre</span> <span class='ocrx_word' id='word_1_108' title='bbox 862 2218 1032 2301; x_wconf 92' lang='lat' dir='ltr'>videntur,</span> <span class='ocrx_word' id='word_1_109' title='bbox 1045 2217 1136 2286; x_wconf 89' lang='lat' dir='ltr'>unde</span> <span class='ocrx_word' id='word_1_110' title='bbox 1150 2217 1353 2286; x_wconf 91' lang='lat' dir='ltr'>concludere</span> <span class='ocrx_word' id='word_1_111' title='bbox 1364 2217 1475 2308; x_wconf 87' lang='lat' dir='ltr'>possis</span> 
     </span>
     <span class='ocr_line' id='line_1_15' title="bbox 252 2333 1477 2427; baseline -0.002 -24"><span class='ocrx_word' id='word_1_112' title='bbox 252 2334 388 2426; x_wconf 90' lang='lat' dir='ltr'>epicum</span> <span class='ocrx_word' id='word_1_113' title='bbox 402 2357 443 2403; x_wconf 92' lang='lat' dir='ltr'>ea</span> <span class='ocrx_word' id='word_1_114' title='bbox 461 2334 640 2427; x_wconf 87' lang='lat' dir='ltr'>scripsisse</span> <span class='ocrx_word' id='word_1_115' title='bbox 663 2337 820 2426; x_wconf 81' lang='lat' dir='ltr'>poetam?</span> <span class='ocrx_word' id='word_1_116' title='bbox 843 2333 942 2416; x_wconf 85' lang='lat' dir='ltr'>Quod</span> <span class='ocrx_word' id='word_1_117' title='bbox 963 2355 1084 2424; x_wconf 90' lang='lat' dir='ltr'>genus,</span> <span class='ocrx_word' id='word_1_118' title='bbox 1112 2355 1198 2424; x_wconf 91' lang='lat' dir='ltr'>quae</span> <span class='ocrx_word' id='word_1_119' title='bbox 1222 2333 1417 2424; x_wconf 91' lang='lat' dir='ltr'>composuit</span> <span class='ocrx_word' id='word_1_120' title='bbox 1437 2334 1477 2401; x_wconf 82' lang='lat' dir='ltr'>Io</span> 
     </span>
     <span class='ocr_line' id='line_1_16' title="bbox 253 2449 1478 2542; baseline 0 -24"><span class='ocrx_word' id='word_1_121' title='bbox 253 2473 377 2542; x_wconf 78' lang='lat' dir='ltr'>opmm</span> <span class='ocrx_word' id='word_1_122' title='bbox 400 2451 639 2542; x_wconf 81' lang='lat' dir='ltr'>Calydonium,</span> <span class='ocrx_word' id='word_1_123' title='bbox 665 2453 705 2518; x_wconf 83' lang='lat' dir='ltr'>Ia</span> <span class='ocrx_word' id='word_1_124' title='bbox 733 2449 913 2518; x_wconf 83' lang='lat' dir='ltr'>Herculem</span> <span class='ocrx_word' id='word_1_125' title='bbox 927 2450 1091 2519; x_wconf 84' lang='lat' dir='ltr'>Nemeaei</span> <span class='ocrx_word' id='word_1_126' title='bbox 1109 2451 1215 2517; x_wconf 84' lang='lat' dir='ltr'>leonis</span> <span class='ocrx_word' id='word_1_127' title='bbox 1238 2451 1410 2530; x_wconf 80' lang='lat' dir='ltr'>victorem,</span> <span class='ocrx_word' id='word_1_128' title='bbox 1438 2453 1478 2518; x_wconf 82' lang='lat' dir='ltr'>Ia</span> 
     </span>
     <span class='ocr_line' id='line_1_17' title="bbox 252 2564 1477 2656; baseline 0 -22"><span class='ocrx_word' id='word_1_129' title='bbox 252 2566 395 2656; x_wconf 86' lang='lat' dir='ltr'>Ajacem</span> <span class='ocrx_word' id='word_1_130' title='bbox 428 2568 674 2652; x_wconf 82' lang='lat' dir='ltr'>Telamonium,</span> <span class='ocrx_word' id='word_1_131' title='bbox 697 2565 885 2635; x_wconf 91' lang='lat' dir='ltr'>homericis</span> <span class='ocrx_word' id='word_1_132' title='bbox 910 2565 1102 2651; x_wconf 83' lang='lat' dir='ltr'>sententiis,</span> <span class='ocrx_word' id='word_1_133' title='bbox 1119 2566 1246 2648; x_wconf 88' lang='lat' dir='ltr'>verbis,</span> <span class='ocrx_word' id='word_1_134' title='bbox 1267 2564 1477 2656; x_wconf 85' lang='lat' dir='ltr'>imaginibus</span> 
     </span>
     <span class='ocr_line' id='line_1_18' title="bbox 252 2680 1476 2775; baseline 0.002 -26"><span class='ocrx_word' id='word_1_135' title='bbox 252 2703 394 2773; x_wconf 91' lang='lat' dir='ltr'>prorsus</span> <span class='ocrx_word' id='word_1_136' title='bbox 408 2691 550 2752; x_wconf 90' lang='lat' dir='ltr'>scatent.</span> <span class='ocrx_word' id='word_1_137' title='bbox 568 2683 746 2752; x_wconf 89' lang='lat' dir='ltr'>Accedunt</span> <span class='ocrx_word' id='word_1_138' title='bbox 763 2681 832 2752; x_wconf 92' lang='lat' dir='ltr'>duo</span> <span class='ocrx_word' id='word_1_139' title='bbox 856 2682 927 2751; x_wconf 89' lang='lat' dir='ltr'>alia</span> <span class='ocrx_word' id='word_1_140' title='bbox 951 2692 1154 2774; x_wconf 89' lang='lat' dir='ltr'>argumenta</span> <span class='ocrx_word' id='word_1_141' title='bbox 1180 2680 1305 2775; x_wconf 90' lang='lat' dir='ltr'>quibus</span> <span class='ocrx_word' id='word_1_142' title='bbox 1327 2682 1476 2752; x_wconf 86' lang='lat' dir='ltr'>maxime</span> 
     </span>
     <span class='ocr_line' id='line_1_19' title="bbox 252 2797 1477 2891; baseline 0.003 -27"><span class='ocrx_word' id='word_1_143' title='bbox 252 2819 326 2866; x_wconf 84' lang='lat' dir='ltr'>rem</span> <span class='ocrx_word' id='word_1_144' title='bbox 342 2797 475 2868; x_wconf 89' lang='lat' dir='ltr'>absolvi</span> <span class='ocrx_word' id='word_1_145' title='bbox 488 2798 635 2868; x_wconf 84' lang='lat' dir='ltr'>confido.</span> <span class='ocrx_word' id='word_1_146' title='bbox 652 2799 807 2868; x_wconf 91' lang='lat' dir='ltr'>Primum</span> <span class='ocrx_word' id='word_1_147' title='bbox 833 2799 926 2867; x_wconf 91' lang='lat' dir='ltr'>enim</span> <span class='ocrx_word' id='word_1_148' title='bbox 950 2798 986 2867; x_wconf 92' lang='lat' dir='ltr'>iu</span> <span class='ocrx_word' id='word_1_149' title='bbox 1014 2798 1195 2868; x_wconf 90' lang='lat' dir='ltr'>Archiacis</span> <span class='ocrx_word' id='word_1_150' title='bbox 1220 2797 1477 2891; x_wconf 87' lang='lat' dir='ltr'>epigrammatis</span> 
     </span>
     <span class='ocr_line' id='line_1_20' title="bbox 252 2913 1474 3007; baseline 0.001 -26"><span class='ocrx_word' id='word_1_151' title='bbox 252 2914 360 2982; x_wconf 87' lang='lat' dir='ltr'>multa</span> <span class='ocrx_word' id='word_1_152' title='bbox 374 2914 525 2982; x_wconf 88' lang='lat' dir='ltr'>themata</span> <span class='ocrx_word' id='word_1_153' title='bbox 536 2913 579 2982; x_wconf 91' lang='lat' dir='ltr'>ab</span> <span class='ocrx_word' id='word_1_154' title='bbox 590 2914 769 3007; x_wconf 87' lang='lat' dir='ltr'>Antipatro</span> <span class='ocrx_word' id='word_1_155' title='bbox 785 2914 925 2983; x_wconf 89' lang='lat' dir='ltr'>Sidonio</span> <span class='ocrx_word' id='word_1_156' title='bbox 940 2915 994 2984; x_wconf 91' lang='lat' dir='ltr'>vel</span> <span class='ocrx_word' id='word_1_157' title='bbox 1007 2915 1211 3007; x_wconf 84' lang='lat' dir='ltr'>excogitata,</span> <span class='ocrx_word' id='word_1_158' title='bbox 1231 2916 1285 2984; x_wconf 92' lang='lat' dir='ltr'>vel</span> <span class='ocrx_word' id='word_1_159' title='bbox 1298 2925 1474 3006; x_wconf 89' lang='lat' dir='ltr'>occupata,</span> 
     </span>
     <span class='ocr_line' id='line_1_21' title="bbox 251 3026 1476 3122; baseline 0.002 -27"><span class='ocrx_word' id='word_1_160' title='bbox 251 3026 428 3098; x_wconf 90' lang='lat' dir='ltr'>retractari</span> <span class='ocrx_word' id='word_1_161' title='bbox 439 3027 598 3097; x_wconf 85' lang='lat' dir='ltr'>videmus</span> <span class='ocrx_word' id='word_1_162' title='bbox 612 3033 635 3114; x_wconf 90' lang='lat'>¹,</span> <span class='ocrx_word' id='word_1_163' title='bbox 653 3051 756 3122; x_wconf 89' lang='lat' dir='ltr'>saepe</span> <span class='ocrx_word' id='word_1_164' title='bbox 772 3029 876 3099; x_wconf 89' lang='lat' dir='ltr'>ctiam</span> <span class='ocrx_word' id='word_1_165' title='bbox 889 3029 1060 3120; x_wconf 89' lang='lat' dir='ltr'>Antipatri</span> <span class='ocrx_word' id='word_1_166' title='bbox 1077 3031 1277 3114; x_wconf 83' lang='lat' dir='ltr'>sententias,</span> <span class='ocrx_word' id='word_1_167' title='bbox 1294 3031 1476 3122; x_wconf 90' lang='lat' dir='ltr'>ipsumque</span> 
     </span>
     <span class='ocr_line' id='line_1_22' title="bbox 252 3143 1476 3236; baseline 0.002 -23"><span class='ocrx_word' id='word_1_168' title='bbox 252 3143 436 3214; x_wconf 91' lang='lat' dir='ltr'>verborum</span> <span class='ocrx_word' id='word_1_169' title='bbox 452 3144 607 3214; x_wconf 90' lang='lat' dir='ltr'>ordinem</span> <span class='ocrx_word' id='word_1_170' title='bbox 623 3166 663 3214; x_wconf 92' lang='lat' dir='ltr'>ac</span> <span class='ocrx_word' id='word_1_171' title='bbox 687 3167 816 3214; x_wconf 86' lang='lat' dir='ltr'>noxum</span> <span class='ocrx_word' id='word_1_172' title='bbox 831 3145 1042 3236; x_wconf 83' lang='lat' dir='ltr'>exscriptum</span> <span class='ocrx_word' id='word_1_173' title='bbox 1064 3145 1234 3227; x_wconf 88' lang='lat' dir='ltr'>invenies,</span> <span class='ocrx_word' id='word_1_174' title='bbox 1260 3146 1309 3215; x_wconf 88' lang='lat' dir='ltr'>ita</span> <span class='ocrx_word' id='word_1_175' title='bbox 1332 3155 1381 3229; x_wconf 89' lang='lat' dir='ltr'>ut,</span> <span class='ocrx_word' id='word_1_176' title='bbox 1407 3169 1476 3215; x_wconf 90' lang='lat' dir='ltr'>uon</span> 
     </span>
     <span class='ocr_line' id='line_1_23' title="bbox 252 3260 1477 3354; baseline 0.002 -26"><span class='ocrx_word' id='word_1_177' title='bbox 252 3260 325 3329; x_wconf 92' lang='lat' dir='ltr'>sine</span> <span class='ocrx_word' id='word_1_178' title='bbox 344 3282 461 3344; x_wconf 89' lang='lat' dir='ltr'>causa,</span> <span class='ocrx_word' id='word_1_179' title='bbox 475 3260 510 3328; x_wconf 93' lang='lat' dir='ltr'>in</span> <span class='ocrx_word' id='word_1_180' title='bbox 523 3283 592 3329; x_wconf 91' lang='lat' dir='ltr'>uno</span> <span class='ocrx_word' id='word_1_181' title='bbox 603 3261 853 3352; x_wconf 83' lang='lat' dir='ltr'>epigrammate</span> <span class='ocrx_word' id='word_1_182' title='bbox 865 3261 1082 3331; x_wconf 89' lang='lat' dir='ltr'>inscribendo</span> <span class='ocrx_word' id='word_1_183' title='bbox 1097 3263 1306 3353; x_wconf 93' lang='lat' dir='ltr'>compositor</span> <span class='ocrx_word' id='word_1_184' title='bbox 1317 3261 1477 3354; x_wconf 87' lang='lat' dir='ltr'>florilegii</span> 
     </span>
     <span class='ocr_line' id='line_1_24' title="bbox 250 3375 1476 3468; baseline 0.002 -23"><span class='ocrx_word' id='word_1_185' title='bbox 250 3375 401 3445; x_wconf 86' lang='lat' dir='ltr'>haeserit</span> <span class='ocrx_word' id='word_1_186' title='bbox 419 3388 534 3444; x_wconf 89' lang='lat' dir='ltr'>utrum</span> <span class='ocrx_word' id='word_1_187' title='bbox 552 3377 725 3468; x_wconf 88' lang='lat' dir='ltr'>Antipatri</span> <span class='ocrx_word' id='word_1_188' title='bbox 750 3399 794 3446; x_wconf 91' lang='lat' dir='ltr'>an</span> <span class='ocrx_word' id='word_1_189' title='bbox 809 3377 955 3446; x_wconf 92' lang='lat' dir='ltr'>Archiae</span> <span class='ocrx_word' id='word_1_190' title='bbox 971 3400 1099 3447; x_wconf 90' lang='lat' dir='ltr'>nornen</span> <span class='ocrx_word' id='word_1_191' title='bbox 1121 3377 1324 3449; x_wconf 89' lang='lat' dir='ltr'>inscriberet</span> <span class='ocrx_word' id='word_1_192' title='bbox 1339 3379 1362 3452; x_wconf 82' lang='lat'>&#39;.</span> <span class='ocrx_word' id='word_1_193' title='bbox 1381 3379 1476 3462; x_wconf 86' lang='lat' dir='ltr'>Quae</span> 
     </span>
     <span class='ocr_line' id='line_1_25' title="bbox 250 3492 1476 3588; baseline 0.003 -29"><span class='ocrx_word' id='word_1_194' title='bbox 250 3492 334 3560; x_wconf 95' lang='lat' dir='ltr'>mihi</span> <span class='ocrx_word' id='word_1_195' title='bbox 363 3503 456 3562; x_wconf 88' lang='lat' dir='ltr'>arcta</span> <span class='ocrx_word' id='word_1_196' title='bbox 481 3493 677 3584; x_wconf 89' lang='lat' dir='ltr'>conjunctio</span> <span class='ocrx_word' id='word_1_197' title='bbox 701 3515 771 3562; x_wconf 91' lang='lat' dir='ltr'>non</span> <span class='ocrx_word' id='word_1_198' title='bbox 793 3503 863 3562; x_wconf 89' lang='lat' dir='ltr'>tam</span> <span class='ocrx_word' id='word_1_199' title='bbox 889 3495 1115 3586; x_wconf 85' lang='lat' dir='ltr'>expilatorem</span> <span class='ocrx_word' id='word_1_200' title='bbox 1143 3517 1246 3586; x_wconf 89' lang='lat' dir='ltr'>quam</span> <span class='ocrx_word' id='word_1_201' title='bbox 1271 3495 1476 3588; x_wconf 91' lang='lat' dir='ltr'>discipulum</span> 
     </span>
     <span class='ocr_line' id='line_1_26' title="bbox 250 3608 1478 3701; baseline 0.002 -24"><span class='ocrx_word' id='word_1_202' title='bbox 250 3630 395 3697; x_wconf 85' lang='lat' dir='ltr'>arguere</span> <span class='ocrx_word' id='word_1_203' title='bbox 422 3608 569 3692; x_wconf 90' lang='lat' dir='ltr'>videtur,</span> <span class='ocrx_word' id='word_1_204' title='bbox 598 3617 632 3676; x_wconf 95' lang='lat' dir='ltr'>et</span> <span class='ocrx_word' id='word_1_205' title='bbox 664 3609 723 3700; x_wconf 91' lang='lat' dir='ltr'>qui</span> <span class='ocrx_word' id='word_1_206' title='bbox 754 3632 826 3678; x_wconf 92' lang='lat' dir='ltr'>non</span> <span class='ocrx_word' id='word_1_207' title='bbox 853 3609 900 3678; x_wconf 91' lang='lat' dir='ltr'>ita</span> <span class='ocrx_word' id='word_1_208' title='bbox 930 3611 1040 3681; x_wconf 91' lang='lat' dir='ltr'>multo</span> <span class='ocrx_word' id='word_1_209' title='bbox 1066 3620 1145 3701; x_wconf 90' lang='lat' dir='ltr'>post</span> <span class='ocrx_word' id='word_1_210' title='bbox 1178 3611 1384 3700; x_wconf 89' lang='lat' dir='ltr'>magistrum</span> <span class='ocrx_word' id='word_1_211' title='bbox 1414 3633 1478 3679; x_wconf 92' lang='lat' dir='ltr'>sua</span> 
     </span>
     <span class='ocr_line' id='line_1_27' title="bbox 250 3723 1478 3818; baseline 0.002 -26"><span class='ocrx_word' id='word_1_212' title='bbox 250 3723 446 3793; x_wconf 88' lang='lat' dir='ltr'>coniecerit.</span> <span class='ocrx_word' id='word_1_213' title='bbox 472 3723 557 3806; x_wconf 86' lang='lat' dir='ltr'>Quis</span> <span class='ocrx_word' id='word_1_214' title='bbox 580 3734 698 3794; x_wconf 91' lang='lat' dir='ltr'>autem</span> <span class='ocrx_word' id='word_1_215' title='bbox 718 3748 789 3794; x_wconf 91' lang='lat' dir='ltr'>non</span> <span class='ocrx_word' id='word_1_216' title='bbox 817 3725 911 3796; x_wconf 87' lang='lat' dir='ltr'>videt</span> <span class='ocrx_word' id='word_1_217' title='bbox 931 3727 1021 3796; x_wconf 91' lang='lat' dir='ltr'>hanc</span> <span class='ocrx_word' id='word_1_218' title='bbox 1042 3726 1276 3796; x_wconf 89' lang='lat' dir='ltr'>definitionem</span> <span class='ocrx_word' id='word_1_219' title='bbox 1297 3727 1425 3818; x_wconf 90' lang='lat' dir='ltr'>optimc</span> <span class='ocrx_word' id='word_1_220' title='bbox 1441 3728 1478 3795; x_wconf 92' lang='lat' dir='ltr'>in</span> 
     </span>
     <span class='ocr_line' id='line_1_28' title="bbox 249 3838 1475 3936; baseline 0.005 -30"><span class='ocrx_word' id='word_1_221' title='bbox 249 3838 519 3908; x_wconf 88' lang='lat' dir='ltr'>Antiochensem</span> <span class='ocrx_word' id='word_1_222' title='bbox 540 3840 702 3910; x_wconf 86' lang='lat' dir='ltr'>Arabiam</span> <span class='ocrx_word' id='word_1_223' title='bbox 719 3841 855 3929; x_wconf 90' lang='lat' dir='ltr'>cadere,</span> <span class='ocrx_word' id='word_1_224' title='bbox 872 3865 974 3934; x_wconf 86' lang='lat' dir='ltr'>quem</span> <span class='ocrx_word' id='word_1_225' title='bbox 987 3845 1162 3936; x_wconf 88' lang='lat' dir='ltr'>juniorem</span> <span class='ocrx_word' id='word_1_226' title='bbox 1186 3842 1358 3933; x_wconf 89' lang='lat' dir='ltr'>Antipatri</span> <span class='ocrx_word' id='word_1_227' title='bbox 1375 3866 1475 3913; x_wconf 90' lang='lat' dir='ltr'>coae-</span> 
     </span>
     <span class='ocr_line' id='line_1_29' title="bbox 249 3951 1475 4047; baseline 0.003 -26"><span class='ocrx_word' id='word_1_228' title='bbox 249 3973 330 4021; x_wconf 92' lang='lat' dir='ltr'>vum</span> <span class='ocrx_word' id='word_1_229' title='bbox 346 3951 453 4020; x_wconf 84' lang='lat' dir='ltr'>fuisse</span> <span class='ocrx_word' id='word_1_230' title='bbox 476 3962 624 4038; x_wconf 90' lang='lat' dir='ltr'>constat,</span> <span class='ocrx_word' id='word_1_231' title='bbox 643 3956 812 4046; x_wconf 90' lang='lat' dir='ltr'>cujusque</span> <span class='ocrx_word' id='word_1_232' title='bbox 840 3976 967 4024; x_wconf 90' lang='lat' dir='ltr'>nomen</span> <span class='ocrx_word' id='word_1_233' title='bbox 992 3978 1062 4024; x_wconf 88' lang='lat' dir='ltr'>una</span> <span class='ocrx_word' id='word_1_234' title='bbox 1087 3977 1166 4024; x_wconf 91' lang='lat' dir='ltr'>cum</span> <span class='ocrx_word' id='word_1_235' title='bbox 1187 3955 1369 4047; x_wconf 88' lang='lat' dir='ltr'>Antipatro</span> <span class='ocrx_word' id='word_1_236' title='bbox 1395 3979 1475 4025; x_wconf 89' lang='lat' dir='ltr'>con-</span> 
     </span>
     <span class='ocr_line' id='line_1_30' title="bbox 245 4067 1473 4157; baseline 0.005 -21"><span class='ocrx_word' id='word_1_237' title='bbox 245 4067 405 4157; x_wconf 84' lang='lat' dir='ltr'>junctum</span> <span class='ocrx_word' id='word_1_238' title='bbox 426 4077 595 4138; x_wconf 89' lang='lat' dir='ltr'>memorat</span> <span class='ocrx_word' id='word_1_239' title='bbox 621 4068 855 4151; x_wconf 86' lang='lat' dir='ltr'>Quintilianus</span> <span class='ocrx_word' id='word_1_240' title='bbox 872 4071 905 4138; x_wconf 80' lang='lat'>²?</span> <span class='ocrx_word' id='word_1_241' title='bbox 922 4071 1010 4142; x_wconf 88' lang='lat' dir='ltr'>Ecce</span> <span class='ocrx_word' id='word_1_242' title='bbox 1035 4073 1153 4156; x_wconf 88' lang='lat' dir='ltr'>altero,</span> <span class='ocrx_word' id='word_1_243' title='bbox 1177 4070 1270 4140; x_wconf 90' lang='lat' dir='ltr'>haud</span> <span class='ocrx_word' id='word_1_244' title='bbox 1293 4071 1473 4156; x_wconf 90' lang='lat' dir='ltr'>debiliore,</span> 
     </span>
     <span class='ocr_line' id='line_1_31' title="bbox 249 4184 1475 4280; baseline 0.004 -28"><span class='ocrx_word' id='word_1_245' title='bbox 249 4196 452 4275; x_wconf 87' lang='lat' dir='ltr'>argumento</span> <span class='ocrx_word' id='word_1_246' title='bbox 470 4207 526 4253; x_wconf 93' lang='lat' dir='ltr'>res</span> <span class='ocrx_word' id='word_1_247' title='bbox 540 4184 761 4255; x_wconf 87' lang='lat' dir='ltr'>confirmatur</span> <span class='ocrx_word' id='word_1_248' title='bbox 782 4211 790 4257; x_wconf 90' lang='lat'>:</span> <span class='ocrx_word' id='word_1_249' title='bbox 806 4189 954 4258; x_wconf 91' lang='lat' dir='ltr'>occurrit</span> <span class='ocrx_word' id='word_1_250' title='bbox 969 4188 1098 4257; x_wconf 89' lang='lat' dir='ltr'>scilicet</span> <span class='ocrx_word' id='word_1_251' title='bbox 1112 4188 1201 4255; x_wconf 91' lang='lat' dir='ltr'>inter</span> <span class='ocrx_word' id='word_1_252' title='bbox 1215 4187 1383 4257; x_wconf 89' lang='lat' dir='ltr'>Archiaca</span> <span class='ocrx_word' id='word_1_253' title='bbox 1397 4211 1475 4280; x_wconf 93' lang='lat' dir='ltr'>poe·</span> 
     </span>
     <span class='ocr_line' id='line_1_32' title="bbox 249 4301 1475 4396; baseline 0.001 -26"><span class='ocrx_word' id='word_1_254' title='bbox 249 4311 499 4391; x_wconf 59' lang='lat' dir='ltr'>mataecvapopt</span> <span class='ocrx_word' id='word_1_255' title='bbox 509 4301 678 4392; x_wconf 87' lang='lat' dir='ltr'>quaedam</span> <span class='ocrx_word' id='word_1_256' title='bbox 689 4303 879 4372; x_wconf 88' lang='lat' dir='ltr'>carminum</span> <span class='ocrx_word' id='word_1_257' title='bbox 893 4304 1160 4396; x_wconf 90' lang='lat' dir='ltr'>ubipervulgata</span> <span class='ocrx_word' id='word_1_258' title='bbox 1171 4303 1344 4386; x_wconf 86' lang='lat' dir='ltr'>materies,</span> <span class='ocrx_word' id='word_1_259' title='bbox 1357 4305 1475 4373; x_wconf 88' lang='lat' dir='ltr'>multis</span> 
     </span>
     <span class='ocr_line' id='line_1_33' title="bbox 248 4417 1473 4510; baseline 0.003 -25"><span class='ocrx_word' id='word_1_260' title='bbox 248 4428 362 4500; x_wconf 89' lang='lat' dir='ltr'>antea,</span> <span class='ocrx_word' id='word_1_261' title='bbox 383 4417 502 4485; x_wconf 90' lang='lat' dir='ltr'>multis</span> <span class='ocrx_word' id='word_1_262' title='bbox 528 4427 649 4508; x_wconf 88' lang='lat' dir='ltr'>postea</span> <span class='ocrx_word' id='word_1_263' title='bbox 661 4420 772 4510; x_wconf 90' lang='lat' dir='ltr'>poetis</span> <span class='ocrx_word' id='word_1_264' title='bbox 801 4419 995 4501; x_wconf 90' lang='lat' dir='ltr'>decantata,</span> <span class='ocrx_word' id='word_1_265' title='bbox 1020 4420 1150 4490; x_wconf 89' lang='lat' dir='ltr'>scilicet</span> <span class='ocrx_word' id='word_1_266' title='bbox 1174 4418 1342 4489; x_wconf 84' lang='lat' dir='ltr'>dedicatio</span> <span class='ocrx_word' id='word_1_267' title='bbox 1367 4422 1473 4489; x_wconf 83' lang='lat' dir='ltr'>trt&#39;om</span> 
     </span>
    </p>
   </div>
   <div class='ocr_carea' id='block_1_3' title="bbox 280 4623 976 4857">
    <p class='ocr_par' dir='ltr' id='par_1_4' title="bbox 280 4623 976 4857">
     <span class='ocr_line' id='line_1_34' title="bbox 284 4623 976 4695; baseline 0 -15"><span class='ocrx_word' id='word_1_268' title='bbox 284 4626 309 4680; x_wconf 99' lang='grc'>1.</span> <span class='ocrx_word' id='word_1_269' title='bbox 327 4625 409 4682; x_wconf 81' lang='lat' dir='ltr'>Aatb.</span> <span class='ocrx_word' id='word_1_270' title='bbox 428 4623 498 4692; x_wconf 81' lang='lat' dir='ltr'>eat,</span> <span class='ocrx_word' id='word_1_271' title='bbox 513 4623 560 4694; x_wconf 93' lang='lat' dir='ltr'>Vl,</span> <span class='ocrx_word' id='word_1_272' title='bbox 579 4625 623 4694; x_wconf 88' lang='lat' dir='ltr'>to,</span> <span class='ocrx_word' id='word_1_273' title='bbox 638 4625 746 4695; x_wconf 68' lang='lat' dir='ltr'>treet,</span> <span class='ocrx_word' id='word_1_274' title='bbox 761 4625 814 4682; x_wconf 72' lang='lat'>207</span> <span class='ocrx_word' id='word_1_275' title='bbox 827 4640 835 4692; x_wconf 88' lang='grc'><strong>;</strong></span> <span class='ocrx_word' id='word_1_276' title='bbox 851 4624 976 4694; x_wconf 78' lang='grc' dir='ltr'><strong>1Χ,313.</strong></span> 
     </span>
     <span class='ocr_line' id='line_1_35' title="bbox 280 4704 467 4770; baseline 0.005 -10"><span class='ocrx_word' id='word_1_277' title='bbox 280 4705 308 4760; x_wconf 80' lang='grc'>2.</span> <span class='ocrx_word' id='word_1_278' title='bbox 325 4704 386 4770; x_wconf 86' lang='lat' dir='ltr'>Vll,</span> <span class='ocrx_word' id='word_1_279' title='bbox 407 4706 467 4762; x_wconf 86' lang='grc'><strong>165.</strong></span> 
     </span>
     <span class='ocr_line' id='line_1_36' title="bbox 283 4784 665 4857; baseline 0.005 -16"><span class='ocrx_word' id='word_1_280' title='bbox 283 4785 311 4841; x_wconf 86' lang='grc'>3.</span> <span class='ocrx_word' id='word_1_281' title='bbox 326 4786 394 4842; x_wconf 83' lang='lat' dir='ltr'>lost.</span> <span class='ocrx_word' id='word_1_282' title='bbox 412 4791 494 4856; x_wconf 76' lang='lat' dir='ltr'>orat,</span> <span class='ocrx_word' id='word_1_283' title='bbox 507 4784 543 4857; x_wconf 86' lang='lat' dir='ltr'>X,</span> <span class='ocrx_word' id='word_1_284' title='bbox 557 4801 604 4854; x_wconf 86' lang='lat' dir='ltr'>vn,</span> <span class='ocrx_word' id='word_1_285' title='bbox 619 4787 665 4844; x_wconf 87' lang='grc'>19.</span> 
     </span>
    </p>
   </div>
   <div class='ocr_carea' id='block_1_4' title="bbox 0 0 1920 5786">
    <p class='ocr_par' dir='ltr' id='par_1_5' title="bbox 0 0 1920 5786">
     <span class='ocr_line' id='line_1_37' title="bbox 0 0 1920 5786; baseline 0 0"><span class='ocrx_word' id='word_1_286' title='bbox 0 0 1920 5786; x_wconf 95' lang='lat' dir='ltr'> </span> 
     </span>
    </p>
   </div>
  </div>
 </body>
</html>
