3830 5786
798 655 844 670 ..
868 617 912 686 23
931 655 976 673 ...

278 783 406 854 mentio
420 783 470 868 bt,
486 805 556 875 quo
570 784 683 877 magis
700 785 837 856 credam
857 786 956 855 illum
974 808 1044 855 non
1061 787 1110 855 ita
1127 787 1237 856 multo
1255 795 1345 878 post,
1369 808 1499 856 annum

278 899 412 969 circiter
429 901 683 992 sexagesimum
702 911 835 988 natum,
853 902 1053 972 decessisse.
1080 902 1275 972 Verisimile
1292 911 1345 970 est
1365 924 1444 971 euru
1464 902 1499 970 in

277 1016 339 1086 illa
353 1017 430 1108 ipsa
443 1016 668 1086 Lucullorum
683 1018 798 1102 domo,
821 1041 908 1109 quac
924 1019 1174 1088 adolescentem
1194 1019 1336 1100 foverat,
1356 1018 1502 1087 novissi·

277 1154 352 1200 mos
382 1115 455 1201 dies
483 1133 575 1202 haud
599 1133 785 1226 injucunde
812 1134 1004 1204 transiisse.
1030 1135 1082 1205 lbi
1110 1136 1241 1204 Xerxes
1266 1135 1323 1202 ille
1348 1143 1498 1224 togatus,

276 1248 316 1318 L.
332 1248 408 1319 dico
431 1248 627 1332 Lucullum,
645 1260 791 1319 onustus
807 1251 926 1342 spoliis
941 1251 1104 1336 Orientis,
1124 1251 1313 1321 Asiaticam
1328 1250 1501 1319 luxuriam

276 1383 401 1452 graeca
414 1363 575 1433 comitate
591 1373 624 1432 et
640 1363 762 1434 studiis
778 1363 917 1455 optimis
932 1364 1100 1433 miscebat
1119 1386 1128 1447 ;
1145 1386 1269 1453 nempe
1282 1372 1315 1432 et
1334 1363 1501 1432 librorum

277 1478 452 1570 ingentem
470 1479 605 1571 copiam
615 1490 649 1549 et
658 1480 783 1550 artium
796 1480 962 1550 miracula
977 1480 1131 1573 undique
1145 1479 1208 1548 sibi
1220 1485 1498 1570 comparaverat;

276 1593 523 1664 bibliothecam
538 1605 655 1664 autem
667 1596 827 1665 omuibus
842 1596 982 1665 Graecis
995 1596 1054 1688 qui
1073 1598 1204 1665 Romae
1219 1594 1274 1664 vel
1287 1606 1502 1663 transeuntes

278 1709 459 1801 degebant,
470 1711 906 1802 pbilosophis,artilicibus,
921 1712 1169 1801 grammaticis,
1181 1711 1303 1803 poetis,
1318 1710 1503 1779 liberaliter

278 1827 452 1918 aperiebat
465 1831 487 1897 ¹.
504 1827 555 1896 lbi
571 1828 770 1897 Arcesilaus
786 1828 938 1919 sculptor
948 1829 972 1908 ⁹,
990 1827 1037 1896 ibi
1051 1827 1223 1918 Tyrannio
1238 1825 1503 1918 grammaticus²

275 1942 384 2033 regali
407 1940 554 2033 hospitio
578 1941 789 2010 fruebantur.
812 1943 963 2011 Felicem
979 1942 1139 2011 Archiam
1165 1942 1220 2011 cui
1244 1939 1281 2010 in
1304 1940 1365 2010 tali
1390 1939 1442 2029 (ut
1456 1940 1504 2007 ait

277 2057 481 2127 Plutarchus
493 2058 518 2144 ⁸)
535 2067 713 2151 prytaneo,
737 2067 816 2150 post
831 2057 1059 2127 errabundam
1079 2057 1187 2127 vitam
1202 2067 1322 2150 portus
1340 2056 1502 2148 tranquil-

277 2173 431 2241 lissimus
460 2172 570 2264 patuit
594 2195 602 2256 3
629 2173 818 2242 feliciorem
844 2173 929 2243 adeo
957 2174 1000 2259 si,
1031 2173 1124 2266 quod
1153 2173 1286 2266 opinor,
1317 2171 1502 2240 illustrium

277 2293 502 2380 patronorum
520 2287 693 2380 prosperis
708 2287 811 2359 rebus
835 2312 905 2359 non
929 2289 994 2359 luit
1013 2298 1199 2379 superstes,
1218 2310 1282 2357 nec
1301 2287 1388 2356 vidit
1411 2286 1504 2355 insa-

277 2405 431 2472 nientem
445 2405 641 2488 Lucullum,
657 2427 769 2498 neque
784 2406 1001 2476 exsulantem
1014 2406 1234 2476 Ciceroneml

314 2603 339 2661 t.
354 2599 423 2668 cic,
439 2603 478 2657 lle
491 2605 551 2672 tn„
568 2600 617 2670 lll,
633 2617 664 2668 u,
678 2603 710 2658 7.

311 2685 339 2741 2.
355 2680 473 2750 Plinius,
489 2683 559 2738 illst.
575 2689 647 2752 nat,
666 2681 792 2754 XXXVI,
812 2699 860 2752 ιιι,
877 2684 938 2740 150.

312 2763 339 2818 3.
354 2761 466 2830 Suidas,
483 2778 507 2818 s.
527 2780 554 2816 v.
571 2761 727 2827 Τυραννίων,

313 2843 339 2898 l.
356 2841 443 2910 Plut,
458 2844 535 2911 aar,
552 2843 597 2899 42.
