3830 5786
937 609 1112 675 ..40-

412 776 490 845 Vox
501 774 593 842 enim
606 780 639 843 τὸ
654 784 789 863 κρήγυον,
802 795 889 864 quaa
904 795 945 842 cx
957 772 1061 843 Iliade
1076 773 1174 843 fluxit
1185 789 1208 852 ¹.
1221 775 1372 844 Homero
1383 773 1481 857 utile,
1498 777 1635 858 bonnam,

411 893 579 981 faustum,
597 889 800 981 significat¹,
816 911 900 976 000,
920 899 959 958 ut
980 889 1045 958 sihi
1066 891 1236 982 persuasit
1255 889 1411 973 Archias,
1431 913 1561 959 veram.
1578 890 1638 961 Ce-

412 1017 524 1074 terum
546 1007 581 1074 in
600 1005 759 1074 eumdem
783 1027 933 1074 errorem
952 1008 1027 1097 jam
1047 1005 1249 1076 Theocritus
1266 1015 1301 1075 at
1321 1007 1533 1098 Damagetus
1554 1006 1637 1076 inci·

413 1121 565 1191 derant⁸.

455 1343 516 1412 XI.
540 1344 617 1414 Jam
634 1344 726 1437 quod
741 1345 783 1414 ad
799 1367 962 1414 numeros
986 1346 1119 1431 attinet,
1137 1347 1279 1416 omnino
1303 1346 1516 1416 desideratur
1546 1347 1636 1439 apud

411 1458 572 1528 Archiam
589 1483 630 1528 aa
646 1460 791 1528 varietas
809 1460 991 1529 modorum
1006 1482 1111 1554 quam
1133 1462 1251 1532 Cicero
1266 1462 1303 1529 in
1321 1461 1490 1554 Antipatri
1506 1471 1637 1532 extem-

410 1574 587 1665 poralibus
602 1575 736 1645 lusibus
754 1576 878 1644 diserte
901 1577 1019 1646 laudat
1036 1599 1043 1661 ;
1064 1586 1181 1648 noster
1198 1577 1343 1646 enimin
1360 1577 1520 1648 omnibus
1532 1599 1636 1669 argu-

411 1691 537 1758 mentis
552 1714 661 1759 unum
682 1692 841 1784 idemque
863 1699 1026 1778 metrum,
1043 1693 1235 1782 elegiacum
1251 1693 1393 1777 scilicet,
1413 1693 1581 1764 adhibuit.
1598 1695 1638 1762 ln

410 1829 452 1876 eo
468 1807 658 1892 tractando,
674 1820 831 1877 veterum
850 1818 1030 1900 poetarum
1044 1810 1140 1902 leges
1158 1831 1199 1879 ac
1217 1810 1392 1880 licentiam
1412 1821 1551 1880 secutus
1570 1821 1633 1878 est.

409 1923 463 1993 lta
484 1947 586 2016 saepe
608 1925 699 2017 apud
719 1947 799 1993 eum
824 1924 957 2016 syllaba
981 1925 1096 1994 brevis
1122 1926 1158 1993 in
1185 1926 1370 2018 incipiente
1393 1927 1478 2018 pede
1503 1925 1636 1997 duabus

409 2040 680 2110 consonantibus
702 2041 976 2132 insequentibus,
999 2041 1134 2110 etiamsi
1153 2041 1261 2112 altera
1280 2042 1413 2135 liquida
1432 2043 1488 2126 sit,
1509 2043 1635 2134 produ-

410 2156 511 2245 citur,
523 2158 618 2226 velut
633 2163 694 2248 πρὶν
716 2162 766 2243 μὲν
787 2163 833 2226 ἐπὶ
852 2166 981 2248 χλωροῖς
998 2168 1033 2226 el
1052 2167 1256 2228 πολυπλέκπου
1271 2165 1302 2228 δὲ
1315 2167 1445 2247 pacate.
1463 2160 1634 2228 11008100-

410 2284 501 2341 trum
519 2272 821 2365 00000ιά100,ᾳυί
840 2272 994 2365 alioquin
1013 2296 1089 2343 raro
1106 2273 1143 2342 in
1156 2274 1318 2364 elegiacis
1334 2275 1530 2362 offenditur,
1548 2298 1635 2343 nun-

412 2412 513 2481 quam
540 2388 685 2458 Archias
705 2388 854 2457 admisit.
880 2390 929 2457 De
955 2388 1169 2482 dactylorum
1189 2401 1223 2459 et
1238 2391 1470 2482 spondeorum
1490 2414 1634 2461 numero

410 2527 450 2573 ac
473 2504 618 2589 ratione,
635 2505 678 2572 iis
705 2504 942 2574 disserendum
963 2506 1123 2598 relinquo
1144 2507 1203 2598 qui
1223 2507 1364 2600 capillos
1390 2505 1635 2598 quadrifariam

411 2620 563 2690 dividere
591 2621 787 2702 laetantur3
815 2620 991 2712 aliquanto
1015 2625 1129 2714 maJus
1157 2623 1194 2690 in
1222 2621 1375 2692 caesuris
1405 2632 1631 2692 momentum.

411 2737 463 2805 Ex
491 2737 545 2805 his
568 2735 856 2828 penthemimeres
883 2737 919 2804 in
938 2746 1153 2827 pentametro
1175 2760 1352 2830 nunquam
1371 2760 1441 2807 nou
1467 2748 1632 2821 servatur,

412 2852 518 2922 immo
533 2861 666 2920 tantum
681 2853 773 2922 valet
790 2862 828 2921 ut
844 2852 951 2920 semel
968 2852 1101 2921 hiatum
1114 2862 1268 2939 excuset,
1283 2853 1348 2923 hoc
1370 2853 1498 2923 scilicet
1512 2853 1609 2923 1000ι
1625 2877 1632 2924 :

637 3020 706 3100 αἰὲν,
722 3025 737 3084 ὁ
754 3015 779 3083 δ’
794 3023 824 3082 ἐν
838 3019 960 3102 πελάγει
974 3021 1108 3102 εὔστοχον
1122 3021 1212 3105 ἄρκυν
1227 3023 1299 3104 ἔχοι.

412 3202 538 3273 Contra
561 3203 597 3269 iu
626 3201 824 3268 hexametro
856 3221 999 3268 caesura
1029 3203 1104 3268 κατὰ
1127 3207 1220 3289 κριτὸν
1249 3215 1384 3290 τροχαῖον
1411 3199 1557 3269 Archiae
1586 3201 1635 3271 ita

410 3319 536 3412 placuit
560 3327 598 3386 ut
621 3341 664 3386 ex
679 3315 790 3386 LXIX
817 3315 1023 3384 hexametris
1041 3315 1098 3384 vix
1128 3314 1214 3384 XIll
1238 3325 1316 3408 post
1343 3315 1636 3407 penthemimeren

412 3435 620 3515 dividantur,
636 3433 706 3516 vel,
735 3442 773 3500 ut
798 3454 872 3500 rem
899 3455 999 3518 secus
1030 3431 1232 3521 exprimam,
1262 3453 1325 3523 pro
1347 3434 1410 3502 100
1438 3432 1637 3501 masculinis

411 3551 564 3620 caesuris
588 3552 652 3619 130
670 3548 837 3616 femineas
863 3546 1030 3616 invenias.
1058 3546 1170 3629 Quam
1186 3546 1357 3615 rationem
1374 3545 1490 3615 nullus
1513 3547 1639 3638 elegia·

412 3688 529 3735 corum
538 3663 664 3756 attigit,
676 3686 719 3730 00
736 3662 834 3731 Ρ1010
852 3660 1059 3753 quidemaut
1075 3661 1317 3745 Callimachus,
1334 3661 1489 3730 omnium
1502 3662 1639 3752 elegan-

413 3780 549 3864 tissimi,
569 3801 716 3873 quorum
736 3779 822 3846 alter
836 3779 914 3862 330,
939 3778 1026 3846 alter
1050 3779 1114 3847 360
1138 3799 1299 3846 caesuras
1314 3775 1481 3845 femineas
1497 3799 1557 3869 pro
1575 3779 1637 3846 100

411 3896 611 3966 masculinis
635 3895 753 3971 habet;
778 3915 860 3962 nam
875 3892 917 3961 de
932 3893 1113 3984 Antipatro
1129 3891 1273 3961 Sidonio
1291 3893 1432 3961 omnino
1452 3892 1635 3978 silendum,

413 4016 514 4106 cujus
530 4011 788 4102 epigrammatis
804 4009 840 4078 in
856 4031 926 4078 uno
942 4009 1173 4100 Anthologiae
1189 4007 1274 4076 libro
1300 4007 1482 4100 diligenter
1501 4031 1640 4101 compu-

414 4130 508 4213 tatis,
527 4127 586 4197 vix
601 4128 769 4208 rationem
786 4129 849 4196 l80
868 4148 875 4194 :
895 4127 958 4194 100
976 4125 1107 4195 inveni.
1132 4125 1208 4194 Jam
1237 4123 1279 4192 ah
1306 4123 1383 4193 aliis
1406 4134 1564 4194 notatum
1587 4137 1640 4196 est

450 4330 475 4384 l.
490 4330 537 4397 lt,
554 4327 576 4395 l,
589 4329 659 4385 106:
680 4329 752 4393 μάντι
767 4339 864 4390 κακῶν,
876 4326 906 4382 οὗ
920 4329 1022 4383 πώποτέ
1034 4349 1077 4397 μοι
1091 4332 1120 4382 τὸ
1134 4329 1245 4397 κρήγυον
1258 4327 1336 4388 εἶπας.

446 4409 473 4464 2.
490 4408 589 4466 Confer
604 4408 785 4465 Perictionem
797 4409 1249 4484 Pythagoraeam,ap.Stohaeum,
1257 4409 1365 4474 1110011,
1376 4408 1543 4476 Lxxlxao
1552 4409 1636 4480 (Mul-

412 4488 483 4558 luoh,
500 4491 548 4544 Fr.
560 4489 676 4560 philos„
696 4488 770 4558 Did„
787 4490 824 4557 ll,
840 4491 875 4547 33
891 4491 917 4564 0)
931 4508 937 4545 :
951 4493 1093 4556 πεπνυμένα
1107 4489 1156 4558 γὰρ
1170 4497 1249 4543 ταῦτα
1263 4491 1308 4542 καὶ
1322 4487 1422 4556 κρήγυοι
1435 4499 1499 4541 τοῖσι
1514 4486 1637 4541 01006101.

446 4571 473 4624 3.
488 4569 616 4633 Theocr„
628 4567 691 4639 XX,
712 4572 764 4638 193
780 4571 896 4636 ποιμένες
911 4572 997 4624 εἴπατέ
1012 4591 1054 4638 μοι
1066 4573 1094 4625 τὸ
1108 4571 1229 4644 κρήγυον,
1244 4571 1374 4644 001003.,
1388 4569 1474 4627 Anth.
1493 4568 1637 4640 Pat.,V11,

412 4649 479 4706 355:
494 4649 555 4716 παρ’
571 4650 630 4716 οἴνῳ
645 4648 766 4716 κρήγυος.

446 4731 472 4790 1.
489 4729 536 4792 Vl,
553 4729 614 4798 181,
631 4747 657 4787 ν.
673 4731 701 4790 6.
