3830 5786
856 622 1012 694 ..3-

315 791 474 883 judicum
501 801 655 860 moveret
682 791 949 862 miserationem.
978 793 1073 875 Quae
1098 802 1228 880 tamen,
1246 797 1287 862 ut
1312 790 1444 860 minimi
1468 813 1543 860 mo-

318 908 437 992 menti,
450 909 523 1000 jam
538 908 574 976 in
590 907 705 977 medio
721 909 969 1000 relinquamus.
1584 899 1588 906 ’

364 1137 424 1210 Ill.
451 1139 522 1209 Nec
537 1139 579 1207 de
594 1161 721 1230 genere
738 1139 845 1208 nostri
869 1138 996 1208 certius
1014 1139 1203 1233 quidquam
1224 1139 1396 1210 affirmare
1419 1140 1542 1210 ausim.

320 1255 485 1325 Graecam
500 1253 673 1347 originem
686 1276 813 1323 nomen
827 1255 988 1340 Archiae,
1004 1255 1129 1342 studia,
1146 1278 1260 1326 sermo
1275 1255 1400 1326 diserte
1418 1267 1545 1326 testan-

321 1382 392 1448 tur:
409 1371 482 1440 ficri
499 1380 612 1463 potest
627 1381 664 1439 ut
677 1370 806 1462 aliquid
825 1371 901 1462 Syri
921 1371 1100 1463 sanguinis
1115 1373 1219 1442 luerit
1234 1374 1441 1444 immixtum.
1459 1371 1546 1442 Nam

322 1485 516 1556 errabunda
540 1485 692 1554 bominis
725 1485 808 1570 vita,
841 1485 982 1556 mobilis
1009 1487 1156 1572 indoles,
1186 1487 1287 1558 velox
1322 1488 1546 1582 poenitentia,

322 1603 503 1694 ingenium
524 1601 671 1694 denique
693 1600 880 1671 verborum
902 1603 1131 1673 redundantia
1151 1613 1186 1672 et
1207 1604 1362 1673 imitandi
1386 1604 1548 1674 facultate

323 1717 434 1810 magis
449 1737 553 1810 quam
572 1739 655 1787 cura
672 1726 733 1786 aut
749 1716 889 1808 propria
908 1717 944 1787 vi
961 1717 1197 1810 conspicuum,
1218 1743 1260 1790 ea
1279 1720 1397 1790 omnia
1410 1718 1548 1789 insitam

324 1837 410 1928 Syro
426 1833 545 1925 generi
567 1833 742 1904 levitatem
763 1832 974 1926 propemodo
995 1855 1140 1927 arguere
1155 1835 1241 1905 mihi
1255 1835 1448 1907 videntur¹.
1467 1838 1548 1907 Tra-

324 1949 505 2019 diturloco
526 1947 633 2018 nobili
652 1958 761 2032 ortus,
784 1947 857 2034 sed,
879 1960 916 2018 ut
935 1949 1070 2042 opinor,
1089 1951 1258 2022 nobiliore
1282 1973 1386 2044 quam
1408 1952 1547 2035 ditiore;

325 2064 408 2156 quid
434 2063 526 2134 enim
549 2062 617 2132 nisi
645 2063 695 2133 rei
724 2063 904 2134 familiaris
929 2066 1092 2160 angustia
1118 2067 1272 2137 nobilem
1297 2069 1549 2138 adolescentem

324 2180 519 2272 impulisset
533 2191 570 2249 ut
585 2179 877 2252 mercenariorum
891 2191 1072 2272 poetarum
1086 2179 1185 2272 gregi
1204 2179 1432 2248 misceretur?
1452 2179 1549 2249 Cete-

325 2317 416 2382 rum,
444 2305 484 2366 ut
521 2317 598 2365 mos
631 2306 718 2380 erat,
746 2318 807 2386 per
840 2317 980 2366 omnem
1012 2295 1236 2365 honestarum
1264 2295 1390 2365 artium
1420 2297 1551 2365 cultum

326 2412 503 2486 transiisse
518 2397 702 2504 pudcitiam
717 2410 840 2488 fertum
858 2435 876 2481 e
891 2411 1009 2502 pueris
1022 2411 1139 2480 statim
1153 2412 1196 2482 ad
1211 2411 1383 2482 scribendi
1399 2411 1553 2482 studium

327 2552 366 2598 sa
379 2528 538 2608 contulit,
550 2526 597 2597 ita
612 2535 650 2596 ut
659 2548 743 2596 mox
757 2527 896 2618 optimis
913 2525 1114 2596 Antiochiae
1128 2528 1239 2620 poetis
1255 2537 1551 2598 annumeraretur.

326 2645 459 2729 Quibus
485 2643 597 2736 poetis
632 2643 897 2732 diligentissime
927 2642 1111 2727 studuerit,
1148 2642 1276 2734 scripta
1303 2646 1378 2736 ejus
1411 2643 1555 2713 demon-

323 2773 459 2833 strant:
485 2785 503 2831 e
523 2760 710 2843 veteribus,
736 2760 925 2830 Homerum
942 2759 1091 2829 maxime
1107 2760 1231 2846 coluit3
1252 2783 1272 2830 e
1291 2760 1552 2841 recentioribus,

325 2878 517 2949 Leonidam
534 2874 760 2947 Tarentinum
779 2884 881 2966 atque
900 2877 1121 2967 Antipatrum
1141 2875 1335 2948 Sidonium.
1354 2877 1456 2946 Hunc
1471 2877 1553 2944 ado-

327 2995 461 3066 lescens
475 3015 594 3064 senam
612 2992 724 3086 potuit
737 2991 841 3061 etiam
855 2991 990 3076 videre;
1014 2991 1108 3061 huno
1126 3001 1206 3062 ante
1230 2991 1318 3062 alios
1332 2991 1368 3062 in
1385 2993 1555 3084 epigram·

328 3110 431 3178 matis
461 3105 653 3177 scribendis
680 3104 724 3174 ad
753 3104 959 3174 imitandum
987 3105 1052 3174 sibi
1084 3105 1234 3198 delegit;
1266 3105 1369 3198 hujus
1397 3107 1554 3198 exemplo

329 3248 494 3296 accensus
516 3223 572 3293 vel
596 3221 786 3314 praeceptis
810 3221 1028 3306 informatus,
1053 3222 1232 3314 egregiam
1248 3222 1555 3314 extemporalitatis

316 3323 565 3436 laudemque
584 3342 765 3434 Antipater
781 3340 962 3422 claruerat,
980 3359 1061 3406 mox
1084 3338 1159 3430 ipso
1179 3349 1385 3408 consecutus
1400 3348 1463 3409 est.
1486 3338 1555 3408 Nec

329 3469 459 3530 temere
474 3459 667 3551 suspicetur
682 3453 808 3548 uliquis
823 3451 882 3521 tali
896 3451 1118 3544 potissimum
1130 3453 1275 3524 artificio
1286 3477 1395 3545 paene
1408 3475 1555 3546 puerum

329 3575 492 3646 Archiam
505 3574 716 3644 convertisse
729 3571 765 3640 iu
781 3593 817 3638 se
832 3567 928 3659 vulgi
943 3569 1096 3638 favorem
1111 3580 1144 3637 et
1159 3569 1422 3639 admirationem
1437 3592 1444 3638 :
1460 3593 1556 3662 prae-

331 3691 451 3760 sertim
475 3712 553 3760 cum
580 3711 706 3782 pueros
731 3687 836 3757 etiam
862 3707 909 3754 rur
932 3685 1031 3754 aunis
1052 3685 1202 3756 minores
1225 3687 1290 3757 hac
1312 3686 1555 3779 qualicumque

331 3807 493 3876 facultate
509 3805 711 3876 excelluisse
736 3801 869 3894 lapides
889 3801 1091 3888 testentur¹,
1118 3823 1158 3872 eo
1178 3823 1260 3873 vero
1285 3811 1438 3896 tempore
1462 3801 1555 3871 subi-

331 3923 418 3993 taria
446 3921 563 4016 poesis
595 3919 687 4012 apud
712 3921 818 4012 Syros
851 3913 1052 4009 Cilicesque,
1079 3927 1118 3987 nt
1143 3928 1264 4010 postea
1289 3919 1379 4010 apud
1409 3919 1555 4004 Arabes,

332 4060 468 4108 summo
483 4039 519 4106 in
535 4037 664 4107 honore
678 4036 793 4105 luerit.

378 4267 440 4342 lv.
464 4266 555 4341 Urbs
570 4266 765 4347 Antiochia,
784 4287 887 4360 quam
904 4263 1050 4336 Archias
1064 4275 1102 4336 nt
1115 4266 1274 4360 patriam,
1293 4265 1341 4336 ita
1357 4262 1558 4360 magistram

341 4597 347 4609 .
372 4513 398 4570 l.
419 4511 461 4606 ct
476 4509 635 4606 Vopiscum,
648 4509 675 4565 iu
693 4509 761 4566 vita
779 4507 938 4577 Aureliani,
953 4510 986 4566 31
1005 4525 1012 4564 :
1032 4511 1189 4566 summast
1203 4515 1236 4567 ut
1257 4507 1325 4581 Syri
1341 4509 1425 4583 pidem
1442 4517 1559 4582 urucae,

336 4593 663 4746 'miiaiiiiii'rsrm
692 4667 895 4742 inscriptionem
914 4667 992 4743 puers
1006 4669 1040 4738 o.
1065 4669 1181 4743 super
1200 4667 1314 4727 untes
1332 4669 1450 4744 (uenat,
1476 4673 1559 4744 apra.

334 4771 446 4826 praeco,
462 4769 494 4808 no
507 4751 698 4810 tllS=Antla
714 4749 776 4806 Pal.
794 4749 885 4821 Didct,
901 4750 956 4806 vol.
970 4749 1020 4818 llI,
1033 4767 1061 4824 p.
1078 4751 1152 4824 133).
