3830 5786
763 665 941 732 ..35-

241 858 404 907 ranarum
419 833 561 904 lacinias
572 833 608 902 ln
620 833 720 902 novis
732 833 952 924 Anthologiis
965 833 1167 901 detexerunt
1174 859 1183 917 3
1196 831 1379 902 inhiavero
1393 855 1463 901 om-

241 953 395 1022 nbusne
411 971 519 1020 unum
533 949 673 1041 quidem
688 948 836 1018 Archiae
858 949 1089 1040 fragmentum
1106 949 1301 1018 offenditur.
1328 949 1379 1018 Ex
1401 948 1465 1018 boe

245 1080 356 1138 tamen
370 1066 455 1136 nihil
472 1065 567 1135 aliud
584 1075 675 1134 certo
698 1065 858 1134 concludi
881 1075 993 1156 potest
1011 1087 1114 1157 quam
1138 1065 1311 1154 Meleagro
1336 1075 1369 1134 et
1387 1065 1465 1134 Phi-

244 1185 335 1278 lippo
361 1184 611 1276 epigrammata
632 1181 780 1251 Archiae
808 1182 864 1250 vel
888 1204 1010 1273 parum
1036 1191 1132 1264 nota,
1157 1181 1213 1249 vel
1232 1181 1325 1249 baud
1349 1181 1465 1270 magni

244 1302 334 1371 lacta
353 1301 475 1386 fuisso,
505 1298 690 1390 Byzantios
715 1320 759 1368 ex
784 1307 941 1387 separata
961 1320 1029 1388 qua
1049 1297 1313 1367 continebantur
1335 1297 1465 1388 sylloge

245 1418 374 1509 optima
391 1437 546 1508 quaeque
564 1414 696 1485 eruisse
712 1438 722 1482 z
741 1413 832 1506 quod
849 1413 987 1504 quidem
999 1413 1136 1483 illorum
1145 1413 1327 1504 judicium,
1343 1413 1466 1482 horum

245 1533 460 1626 diligentiam
473 1531 598 1624 arguit.

288 1783 383 1853 VIII.
409 1781 584 1852 Hactenus
599 1781 641 1850 de
663 1779 865 1850 auctoritate
884 1791 919 1850 et
941 1780 1006 1850 fide
1027 1779 1273 1850 Archiacorum
1297 1780 1467 1875 epigram-

246 1909 394 1983 matum;
422 1898 463 1967 de
487 1897 633 1989 poeticis
656 1919 775 1966 eorum
797 1897 928 1966 meritis
947 1897 1020 1988 ipse
1044 1897 1152 1965 lector
1175 1897 1274 1966 lacile
1287 1897 1467 1989 judicabit,

247 2017 410 2110 quoniam
425 2024 536 2083 totum
557 2013 802 2105 corpusculum
820 2013 1103 2082 commentationi
1124 2012 1204 2081 huic
1225 2035 1321 2082 meae
1341 2035 1470 2105 appen-

248 2131 398 2203 dendum
421 2129 559 2212 curavi,
590 2129 646 2198 hic
669 2129 753 2198 satis
785 2129 849 2200 erit
871 2151 983 2220 pauca
1011 2137 1045 2198 et
1071 2126 1265 2198 necessaria
1291 2113 1467 2198 adnotare.

246 2249 363 2318 Primo
389 2246 528 2338 quidem
558 2245 722 2338 adspectu
754 2245 814 2314 illa
839 2244 1004 2326 earmina,
1038 2244 1196 2337 quamvis
1228 2266 1374 2314 numero
1400 2267 1470 2314 non

248 2364 356 2433 multa
371 2363 451 2445 sint,
468 2361 616 2430 fertilem
632 2359 867 2432 inventionem
882 2360 1001 2429 testari
1016 2359 1185 2442 videntur,
1207 2361 1330 2452 quippe
1347 2359 1471 2452 quibus

249 2477 432 2546 universus
450 2474 534 2543 artis
555 2473 855 2567 epigrammaticae
871 2496 1012 2565 campus
1032 2485 1067 2543 et
1083 2474 1230 2543 varietas
1247 2474 1472 2567 comprehen-

250 2593 350 2662 datur
376 2613 384 2660 :
413 2591 531 2660 insunt
563 2589 658 2660 euim
689 2589 906 2682 sepulcralia,
939 2588 1159 2674 dedicatoria,
1191 2590 1470 2676 demonstrativa,

251 2708 429 2778 amatoria.
449 2707 549 2790 Quod
569 2705 726 2797 improba
740 2729 780 2776 ao
799 2706 929 2776 lasciva
944 2706 1071 2776 frustra
1089 2705 1313 2798 quaesiveris,
1331 2706 1474 2777 laudan·

251 2823 351 2908 dum3
375 2822 467 2914 quod
492 2821 668 2892 mordacia
691 2833 725 2892 et
750 2823 858 2892 risum
884 2822 1070 2905 moventia,
1099 2822 1347 2906 excusandum,
1376 2845 1475 2914 prae-

251 2939 369 3008 sertim
385 2961 465 3008 cum
490 2948 601 3007 totum
626 2939 690 3009 hoc
707 2961 831 3030 genus,
856 2961 924 3030 quo
950 2937 1105 3008 Catullus
1129 2949 1163 3006 et
1183 2937 1347 3008 Martialis
1369 2939 1475 3008 incla-

250 3065 406 3139 ruerunt,
434 3053 575 3125 Graeois
598 3055 885 3147 epigrammatum
910 3054 1145 3124 conditoribus
1169 3054 1197 3122 si
1219 3077 1290 3123 non
1316 3055 1475 3145 ignotum

250 3171 325 3250 luit,
343 3181 494 3240 attamen
515 3170 607 3261 apud
624 3193 683 3238 eos
699 3169 907 3238 mediocrem
921 3169 1037 3239 locum
1052 3169 1213 3238 obtinuit.
1230 3169 1376 3252 Quodsi
1393 3193 1475 3239 vero

252 3309 325 3354 rem
354 3287 513 3380 proprius
544 3283 749 3377 inspexeris,
782 3285 959 3356 fatendum
988 3285 1054 3354 erit
1082 3285 1243 3354 Archiam
1275 3285 1475 3355 inventione

249 3401 399 3471 maxime
429 3401 635 3473 claudicare.
663 3403 829 3494 Pleraque
858 3401 949 3470 enim
977 3401 1171 3471 carminum
1199 3423 1341 3471 suorum
1372 3424 1476 3492 argu-

250 3529 366 3587 menta
382 3541 451 3590 non
467 3541 509 3586 ex
523 3540 587 3587 suo
603 3517 731 3602 hausit,
747 3541 816 3587 non
831 3539 886 3588 res
904 3519 957 3586 vel
974 3520 1113 3586 allectus
1128 3529 1337 3608 praesentes,
1352 3528 1388 3587 ut
1404 3519 1475 3587 veri

251 3644 374 3725 poetae
390 3633 513 3717 solent,
530 3644 651 3724 sponte
667 3633 847 3725 expressit,
864 3633 924 3702 sed
939 3657 957 3702 e
973 3633 1067 3702 libris
1082 3633 1153 3702 lere
1169 3636 1286 3705 omnia
1300 3648 1477 3706 mutuatus

254 3759 318 3834 est,
338 3748 493 3840 nihilque
512 3749 606 3818 aliud
622 3749 702 3818 fecit
722 3771 826 3840 quam
842 3748 966 3817 tradita
984 3771 1004 3817 a
1022 3749 1256 3841 superioribus
1276 3753 1387 3844 poetis
1403 3753 1475 3822 the·

252 3875 344 3934 mata
371 3887 514 3958 operose
540 3887 737 3956 recoquere.
770 3867 826 3936 Sic
852 3866 942 3934 inter
965 3865 1139 3958 epitaphia
1158 3866 1200 3934 ab
1222 3890 1263 3936 eo
1288 3869 1478 3960 composita

251 4003 320 4049 non
352 3980 507 4048 invenies
537 3981 610 4048 veri
641 3981 788 4072 sepulcri
822 4004 938 4050 veram
971 3981 1078 4050 ullam
1113 3980 1383 4074 inscriptionem,
1417 3985 1476 4053 sed

253 4097 383 4166 dudum
412 4095 537 4188 sepulti
562 4096 708 4188 alicujus
732 4096 796 4166 viri
821 4098 936 4165 lictum
964 4098 1118 4188 elogium
1141 4097 1286 4188 (scilicet
1309 4099 1476 4190 Diogenis

252 4211 375 4303 cynici,
394 4210 486 4303 quod
511 4221 687 4303 praeterea
703 4235 747 4280 ex
770 4210 924 4282 Leonida
951 4212 1137 4282 Tarentino
1162 4212 1252 4301 cepit
1264 4214 1286 4304 ¹)
1304 4223 1363 4282 aut
1379 4217 1475 4305 joco·

256 4350 328 4396 sam
348 4326 583 4396 laudationem
609 4328 754 4418 alicujus
778 4329 868 4395 ferae
896 4329 949 4396 vel
970 4327 1153 4396 familiaris
1172 4327 1351 4414 bestiolae,
1378 4334 1476 4422 cujus

256 4443 392 4532 generis
416 4442 593 4534 singulare
618 4452 652 4512 et
678 4443 930 4535 lepidissimum
952 4445 1128 4537 exemplar
1152 4444 1277 4515 Catulli
1300 4446 1425 4514 Passer
1441 4447 1475 4515 in

255 4559 408 4628 omnium
433 4559 601 4628 memoria
624 4568 701 4644 est;
725 4559 785 4628 sed
804 4559 950 4629 Archias
972 4583 1016 4628 ne
1038 4561 1075 4629 in
1101 4561 1165 4630 hac
1190 4560 1328 4652 quidem
1354 4562 1478 4651 exigua

289 4791 313 4850 l.
330 4791 416 4850 Aetli.
433 4793 505 4862 ret,
520 4791 579 4861 Vll,
594 4793 640 4862 68,
660 4792 794 4862 Archiae;
809 4792 867 4859 Vll,
886 4793 933 4856 67,
947 4791 1083 4849 Leonidae
1097 4793 1245 4850 Tarentini.
