3830 5786
871 599 1028 670 ..6-

334 773 510 866 bospitalis
522 771 662 842 nornine
675 771 885 855 decoratam,
897 769 1123 861 largirentur:
1135 788 1199 836 nec
1212 765 1325 834 iuerat
1336 762 1402 830 boc
1413 759 1557 830 inusita-

238 911 244 924 ·
335 898 408 957 tum
425 888 582 958 Pindaris
596 887 650 956 vel
666 885 923 970 Simonidibus;
942 883 1083 978 ingenia
1103 893 1237 954 tantum
1253 882 1555 976 degeneraverant.

378 1119 439 1189 VI.
465 1120 528 1190 His
551 1121 669 1212 igitur,
686 1131 725 1189 ut
745 1121 793 1191 ita
809 1121 933 1206 dicam,
951 1121 1128 1192 Musarum
1145 1115 1361 1188 institoribus
1381 1115 1557 1185 aemulum

335 1257 410 1304 sese
426 1234 584 1325 adjunxit
599 1235 755 1306 Archias.
779 1235 944 1308 Crederes
968 1258 1060 1320 eum,
1080 1241 1198 1326 utpote
1220 1231 1347 1324 Syrum
1365 1241 1400 1302 et
1420 1235 1558 1322 μιξοϋάρ-

333 1361 430 1442 tepor,
449 1352 638 1422 fastidiosis
661 1351 850 1438 Graeculis,
866 1353 925 1446 qui
941 1375 1004 1423 sua
1023 1359 1155 1422 tantum
1175 1348 1399 1432 mirabantur,
1415 1369 1557 1439 suspec-

333 1475 407 1534 tum
420 1467 589 1551 evasisse;
601 1468 690 1538 hanc
703 1490 785 1538 vero
796 1467 953 1561 iniquam
964 1465 1162 1560 opinionem
1180 1463 1291 1562 potuit
1304 1462 1419 1536 vorbis
1433 1463 1557 1534 Melea-

331 1582 397 1676 gri,
413 1583 590 1676 popularis
605 1584 659 1654 eui
674 1593 709 1654 et
723 1585 890 1677 aequalis,
907 1585 955 1654 ita
969 1583 1145 1654 refellere¹
1164 1603 1173 1652 ε

450 1787 528 1854 Sum
542 1787 654 1872 Syrus,
671 1799 702 1852 et
718 1783 796 1874 quid
810 1793 899 1854 tum?
912 1789 1045 1854 mundus
1058 1791 1166 1853 domus
1182 1787 1323 1851 omuibus
1338 1805 1411 1862 uua,

534 1887 634 1954 Unum
649 1908 751 1956 omum
764 1889 880 1972 pmuit,
897 1889 1010 1972 frater,
1026 1889 1116 1954 iaaac
1132 1887 1243 1952 Ciam.

374 2081 570 2173 Utcumque
583 2103 639 2153 res
658 2081 795 2162 cecidit,
812 2081 951 2152 videtur
971 2079 1118 2152 Archias
1139 2079 1310 2150 minorem
1326 2099 1413 2174 quae
1435 2075 1559 2146 dicitur

330 2199 447 2268 Asiam
478 2198 724 2294 Graeciamque
754 2207 873 2284 totam,
903 2197 1036 2288 ingenti
1064 2196 1191 2290 ubique
1220 2194 1336 2265 lavore
1368 2203 1403 2262 et
1432 2193 1556 2288 plausu

331 2325 508 2408 exceptus,
521 2314 772 2405 peragravisse.
790 2313 884 2398 Quas
898 2312 1118 2405 potissimum
1131 2311 1234 2382 urbes
1247 2309 1405 2380 inviserit
1418 2332 1489 2377 non
1504 2319 1557 2377 est

329 2429 515 2518 traditum3
539 2438 630 2498 certe
657 2450 766 2522 usque
793 2427 998 2522 Byzantium
1021 2426 1230 2518 processisse
1254 2448 1334 2496 eum
1358 2424 1457 2496 docet
1483 2424 1555 2518 epi-

330 2567 488 2640 gramma
503 2544 595 2642 quod
610 2544 750 2642 optimis
768 2546 844 2642 ejus
859 2542 1070 2614 carminibus
1081 2546 1159 2637 jure
1175 2547 1439 2612 annumeratur·
1456 2563 1465 2610 ε

450 2739 518 2804 Hoc
535 2749 649 2802 cautae
667 2742 700 2802 ia
713 2739 852 2824 scopulo,
869 2759 958 2823 quem
972 2737 1111 2800 uerberat
1125 2737 1221 2811 uada,
1242 2736 1396 2821 Priapum

534 2837 699 2902 Custodem
716 2837 841 2902 Thracis
855 2859 903 2902 me
913 2855 1046 2922 posuere
1060 2835 1145 2918 freti,

449 2937 587 3004 Adoeaio
602 2937 713 3015 fautor
726 2939 801 3022 quia
814 2957 905 3022 saepe
920 2935 1098 3000 uocantibus
1112 2934 1179 2999 iliis

530 3035 657 3100 Leniter
669 3045 700 3098 et
713 3035 893 3120 Zephyrum
903 3034 1066 3120 puppibus
1079 3033 1237 3096 admoveo.

454 3133 653 3220 Quapropter
670 3135 771 3196 meriti
785 3153 944 3216 uunquam
959 3131 1079 3196 nidoris
1091 3152 1184 3216 epena
1198 3141 1253 3206 est,

530 3232 602 3296 Noa
616 3243 704 3294 uacat
719 3253 738 3294 a
754 3233 856 3294 vermis
872 3231 1003 3314 floribus
1017 3251 1074 3293 ara
1088 3231 1165 3292 mibi
1179 3250 1189 3292 :

449 3329 580 3416 Semper
596 3331 670 3394 odor
684 3340 778 3412 atque
792 3331 873 3412 ipris
886 3330 984 3404 adest,
1002 3348 1074 3390 uam
1084 3327 1188 3412 pluris
1204 3326 1343 3403 bonores,
1439 3362 1445 3374 -

531 3429 630 3504 Quam
645 3440 771 3491 centena
786 3429 876 3491 boum
891 3425 981 3501 ralla,
999 3427 1046 3489 dii
1058 3427 1193 3509 faciunt.

375 3689 452 3760 Vll.
478 3689 556 3759 Jam
578 3711 659 3758 vero
682 3698 810 3776 noster,
838 3689 911 3758 sive
934 3687 1086 3759 novitate
1110 3693 1243 3779 captus,
1269 3707 1330 3756 seu
1352 3686 1432 3778 quia
1455 3683 1557 3756 turba

329 3805 591 3897 competitorum
604 3803 762 3898 quaestui
774 3803 943 3890 obstabat,
957 3805 1086 3874 omissa
1102 3801 1393 3895 Graeciapetebat
1404 3802 1552 3872 Italiam.

329 3921 510 4013 Paulisper
533 3943 612 3989 eum
634 3919 760 4012 Magna
779 3919 923 3990 Graecia
945 3919 1103 4002 detinuit,
1120 3941 1207 4010 quae
1223 3940 1285 3989 ara
1298 3917 1375 3987 inde
1396 3941 1416 3986 a
1432 3917 1554 4010 Pyrrhi

330 4047 364 4106 et
377 4035 581 4106 Hannibalis
595 4036 807 4127 temporibus
818 4035 982 4105 continuo
998 4035 1216 4119 defloruerat,
1229 4044 1264 4103 et
1274 4043 1556 4103 tamenreterum

329 4153 457 4222 artium
470 4151 797 4244 disciplinarumque
813 4151 912 4242 quasi
927 4151 1129 4220 memoriam
1141 4162 1175 4221 et
1191 4151 1415 4220 simulacrum
1429 4150 1554 4219 retine-

329 4268 399 4338 bat.
423 4267 474 4336 Ibi
495 4267 601 4351 enim,
619 4267 775 4336 barbarie
787 4269 861 4358 jam
885 4267 1002 4337 omnia
1017 4267 1145 4336 circum
1163 4266 1351 4351 obtinente,
1365 4264 1553 4344 Tarentini,

366 4492 392 4546 1.
407 4491 493 4546 Anlb.
506 4491 580 4561 Pet,
596 4489 656 4555 Vll,
673 4491 744 4547 tlt:
764 4485 794 4541 Et
809 4490 835 4544 δὲ
850 4489 939 4556 Σύρος,
959 4489 982 4543 ri
1001 4492 1029 4542 ab
1048 4494 1148 4556 bubpou
1169 4489 1238 4553 μίαν,
1255 4491 1315 4550 Eius,
1334 4487 1443 4558 auspiia
1456 4489 1555 4553 triopus

330 4571 460 4635 Naicpar·
475 4574 499 4622 ἓν
514 4563 619 4630 θνατοὺς
632 4571 728 4630 πάντας
743 4571 824 4623 ἔτικτε
837 4571 917 4630 Χάος.

364 4652 391 4709 2.
413 4651 499 4708 sart.
519 4653 592 4720 rat,
616 4653 683 4721 x,7
704 4651 868 4725 (versionem
890 4651 1047 4708 Gratianum
1065 4650 1201 4724 adhibui).
1228 4651 1332 4708 Graeca
1354 4648 1416 4705 ride
1439 4648 1510 4705 inira
1526 4647 1553 4702 in

327 4733 498 4808 Appendiac,
515 4743 546 4786 n·
558 4731 602 4789 13.
