3830 5786
930 629 1153 724 -νν--γ

405 833 562 912 scriptum
582 835 643 904 est,
663 829 747 892 sicut
768 845 908 907 sequeus
928 828 1095 908 Damageti
1110 826 1204 910 (App.
1223 825 1330 899 Plan„
1348 829 1407 908 95),
1424 829 1457 889 in
1478 849 1627 912 magnam

403 933 546 992 statuam
558 927 707 989 Herculis
720 925 893 988 cumleoue
904 925 1081 1004 pugnantis
1091 943 1173 1004 quae
1187 924 1287 985 Ovidii
1298 927 1499 1004 temporibus
1510 927 1624 1006 (Ovid,

402 1029 473 1089 Art.
489 1036 598 1098 amaa,
615 1026 639 1101 l,
657 1023 707 1106 68)
724 1025 842 1088 Romae
865 1025 943 1094 erat,
964 1027 1078 1100 postea
1097 1026 1205 1084 autem
1224 1023 1367 1102 Byzantii
1384 1023 1496 1104 (Nicet.
1511 1027 1625 1103 Chen,

403 1125 450 1188 De
471 1126 568 1206 siquis
594 1123 767 1194 Constant,
791 1141 824 1200 p.
842 1127 910 1194 861,
928 1119 1043 1202 Bonn).
1068 1121 1147 1182 Cum
1170 1125 1278 1182 autem
1303 1122 1498 1202 Damagetus
1523 1129 1628 1187 aetate

402 1224 555 1303 Philippi,
581 1221 734 1284 Demetrii
758 1220 824 1292 lilii,
851 1219 1061 1284 Macedonum
1086 1218 1182 1299 regis
1207 1219 1362 1289 iloruerit,
1388 1219 1555 1298 probabile
1579 1225 1628 1284 est

401 1324 490 1385 illam
506 1325 647 1384 statuam
663 1337 702 1380 ex
722 1337 838 1399 graeca
856 1318 966 1397 aliqua
986 1317 1065 1378 urbe
1081 1318 1214 1377 Romam
1230 1317 1397 1378 advectam
1412 1318 1522 1380 luisse.
1540 1321 1628 1384 Cete-

402 1440 474 1482 rum
489 1419 626 1482 similem
644 1417 783 1495 effigiem
797 1416 953 1478 exhibent
968 1415 1076 1492 plures
1092 1414 1228 1488 nummi,
1241 1433 1380 1494 quorum
1391 1418 1628 1495 praestantissi-

404 1539 486 1591 mus,
502 1517 675 1579 Heracleae
697 1533 795 1576 cusus
810 1513 862 1596 (cl.
889 1513 986 1586 Haud,
1004 1511 1145 1576 Historia
1164 1531 1339 1589 numerum,
1359 1533 1390 1592 p.
1408 1513 1470 1592 59),
1487 1517 1628 1578 statuam

403 1617 583 1697 exprimere
595 1614 737 1688 videtur;
754 1613 862 1692 potuit
876 1611 976 1692 igitur
990 1611 1075 1672 hanc
1091 1610 1236 1682 Archias,
1248 1611 1325 1670 dum
1339 1612 1510 1673 Heracleae
1527 1631 1629 1676 mora·

402 1718 510 1790 batur,
527 1714 676 1776 versibus
689 1711 882 1774 describere.
900 1709 987 1771 Idem
1003 1712 1232 1790 argumentum
1249 1707 1352 1771 fusius
1366 1710 1514 1771 tractavit
1528 1711 1628 1772 Theo-

400 1816 513 1890 crituS,
528 1809 641 1895 ldyll„
663 1813 729 1871 25..

987 2137 1036 2205 xl

664 2317 742 2382 [ΕΙΣ
767 2315 1010 2366 ΑΦΡΟΔΙΤΗΝ
1036 2313 1360 2380 ΑΝΑΔΥΟΜΕΝΗΝΙ

577 2473 677 2540 Αὑτὰν
691 2475 724 2538 ἐκ
738 2475 848 2537 πόντοιο
863 2477 1048 2556 τιθηνητηρος
1070 2466 1222 2552 Ἀπελλῆς

620 2581 673 2648 τὰν
688 2581 797 2665 Κύπριν
813 2579 920 2663 γυμνὰν
937 2575 994 2644 εἶδε
1009 2583 1217 2663 ipsumam,

577 2692 625 2756 καὶ
641 2694 718 2755 τοίαν
734 2691 870 2766 ἐτύπωσε,
888 2688 1035 2772 δνάόροχον
1047 2687 1148 2762 ὕδατος
1165 2682 1243 2772 ἀφρῷ

604 2774 771 2862 ’θλίΰουσαν
786 2799 925 2882 θαλεραϊς
938 2797 1032 2880 χερσὶν
1044 2800 1085 2860 ἔτι
1098 2799 1258 2876 πλόκαμον.

437 3079 475 3140 N.
492 3080 526 3141 C.
543 3078 627 3162 App.
648 3078 753 3156 Plan„
775 3079 894 3158 179(ex
909 3077 990 3138 libro
1006 3077 1057 3156 lV)
1075 3095 1082 3137 :
1100 3081 1181 3156 εἷςτὸ
1195 3083 1275 3146 αὐτὸ.

435 3225 526 3284 Exru.
553 3225 589 3284 ln
612 3222 855 3286 celeberrimam
877 3221 998 3301 Apellis
1020 3221 1166 3283 tabulam
1181 3239 1278 3301 quam
1299 3241 1318 3283 a
1339 3221 1410 3283 Cois
1426 3240 1484 3301 pro
1500 3220 1623 3282 tributo

395 3325 562 3399 acceptam
578 3324 741 3402 Augustus
764 3320 883 3384 dicavit
904 3321 938 3380 iu
956 3316 1091 3380 delubro
1113 3321 1216 3398 patris
1233 3320 1387 3382 Caesaris.
1408 3317 1623 3380 Tritissimum

395 3418 507 3480 thema
526 3419 796 3500 epigrammatum
821 3401 1042 3481 conditoribus
1064 3423 1222 3479 memorat
1252 3418 1377 3479 Plinius
1394 3416 1527 3498 (XXXV,
1545 3415 1596 3497 9¹)
1615 3435 1622 3476 ε

396 3515 531 3576 versibus
544 3518 660 3598 praecis
684 3516 741 3578 tali
757 3536 858 3601 opere,
879 3517 952 3578 dura
973 3511 1135 3592 laudatur,
1151 3516 1229 3576 uicto
1247 3514 1299 3576 sed
1319 3513 1489 3576 illustrato.
1506 3515 1624 3594 Super-

393 3619 470 3674 sunt
494 3615 728 3695 epigrammata
751 3617 909 3678 Leonidae
930 3615 1024 3698 (App.
1047 3613 1152 3689 Plan„
1190 3615 1268 3695 182),
1291 3614 1451 3694 Antipatri
1473 3612 1540 3696 (it,
1567 3617 1621 3692 178

393 3712 617 3785 :Ausonius
644 3711 725 3798 Ep,
754 3715 834 3796 106),
856 3715 1027 3777 Democriti
1053 3712 1125 3793 (iu,
1156 3711 1239 3793 180).
1262 3711 1398 3772 Archiae
1425 3728 1554 3775 carmen
1578 3728 1617 3770 ex

396 3811 558 3890 Antipatri
574 3829 762 3892 expressum
780 3818 839 3885 est,
852 3814 910 3874 sed
924 3813 1053 3876 videtur
1066 3813 1099 3873 in
1114 3813 1177 3872 line
1190 3810 1341 3872 mutilum
1357 3827 1437 3882 esse,
1449 3808 1505 3872 ubi
1522 3807 1617 3870 solita

396 3909 596 3988 comparatio
612 3928 685 3972 cum
701 3911 841 3972 Minerva
856 3915 888 3973 et
902 3911 918 3971 J
923 3929 1029 3973 unone
1046 3911 1259 3973 desideratur.

967 4315 1033 4383 Xll

705 4491 788 4555 [ΕΙΣ
812 4493 1292 4557 ΑΙΑΝΤΑιΤΕΛΑΜΩΝΙΟΝ]

564 4645 681 4723 Μοῦνρς
696 4629 912 4732 ἑναιρομένριπιν
931 4655 1096 4735 ὑπέρμαχος
1110 4647 1211 4716 ἀσπίδι
1223 4653 1332 4729 τείνας,

602 4759 681 4835 νηυσὶ
696 4759 783 4841 βαρὺν
799 4755 920 4842 Τρώων,
935 4753 1024 4837 Αἶαν,
1041 4763 1154 4838 ἔμεινας
1169 4761 1263 4844 cippi*
