3830 5786
854 635 1104 716 Ι-22-

402 819 543 888 dissime
560 819 731 902 defendit;
749 818 921 912 poetIcam
931 818 1135 910 praesertim
1147 818 1499 898 facultatemsanctos
1506 827 1625 909 poetar

399 935 597 1027 (aruncius
616 935 747 1004 dixerat
759 937 782 1027 ¹)
800 934 922 1004 cantici
944 933 980 1002 in
1002 934 1142 1003 modum
1167 933 1363 1014 celebravit,
1385 955 1468 1003 sane
1484 955 1574 1002 novo
1590 942 1624 1003 et

398 1053 432 1119 in
449 1050 590 1143 judiciis
612 1061 692 1120 tunc
722 1053 821 1143 plane
846 1050 1003 1119 inaudito
1026 1049 1161 1118 dicendi
1184 1071 1310 1140 genere
1324 1051 1348 1116 ¹.
1372 1049 1527 1142 Denique
1543 1050 1622 1118 ulti-

397 1191 493 1236 mum
508 1168 620 1236 locum
636 1167 751 1257 attigit
766 1191 832 1259 quo
857 1167 1014 1236 homines
1038 1167 1227 1252 Romanos,
1252 1166 1307 1234 vel
1328 1165 1431 1234 rudes
1457 1176 1490 1235 et
1511 1165 1621 1258 impo-

396 1283 494 1366 litos,
530 1284 656 1351 certius
685 1305 720 1350 se
750 1293 1002 1352 commoturum
1036 1281 1262 1352 confidebat:
1299 1303 1451 1350 amorem
1488 1280 1620 1350 scilicet

396 1399 538 1491 patriae.
563 1399 725 1470 Archiam
742 1399 834 1468 enirn
854 1398 1003 1468 ostendit
1026 1419 1128 1467 omne
1152 1397 1306 1467 studium
1327 1405 1427 1490 atque
1443 1396 1619 1489 ingenium

394 1515 437 1584 ad
464 1517 629 1608 populum
654 1516 858 1600 Romanum,
884 1515 988 1584 duces
1014 1515 1201 1599 Romanos,
1229 1513 1389 1598 Marium,
1417 1513 1613 1598 Lucullum,

395 1631 552 1700 versibus
579 1630 751 1700 ornandos
776 1631 962 1700 contulisse
989 1655 997 1715 ;
1028 1630 1241 1723 quinetiam
1271 1630 1403 1715 Cicero,
1434 1651 1496 1698 suo
1523 1649 1619 1698 more

395 1747 545 1836 ingenue
574 1727 760 1838 gloriosus,
782 1747 849 1816 hoc
870 1747 935 1816 sihi
955 1746 1054 1815 illum
1082 1746 1231 1815 maxime
1249 1745 1420 1838 placuisse
1441 1745 1622 1815 confitetur

395 1863 485 1954 quod
505 1885 643 1933 carmen
659 1863 700 1932 de
722 1863 831 1955 ipsius
850 1863 1031 1932 consulatu
1045 1860 1192 1931 scrihere
1209 1861 1360 1931 instituit
1375 1883 1384 1930 ε
1401 1883 1506 1954 quam
1521 1883 1617 1931 suam

393 1981 569 2071 ingentem
596 1978 806 2071 posteritatis
835 1978 1032 2069 cupidinem
1059 1975 1304 2047 illustrissimis
1334 1976 1500 2066 exemplis
1528 1977 1617 2046 tueri

391 2105 547 2178 conatur,
566 2094 696 2164 scilicet
711 2095 884 2187 Scipionis
894 2093 1062 2177 Africani,
1082 2095 1123 2162 D.
1141 2093 1253 2178 Bruti,
1276 2092 1390 2162 Fulvii
1415 2092 1614 2176 Nobilioris,

392 2210 502 2292 Marii,
524 2210 654 2293 Sullae,
676 2210 806 2279 Metelli
822 2209 889 2294 Pii,
905 2209 1051 2301 denique
1076 2207 1225 2300 (mireris
1246 2208 1403 2278 advocati
1428 2208 1616 2298 solertiam)

391 2321 500 2412 ipsius
521 2323 677 2414 Pompeii
700 2323 829 2413 Magni,
847 2345 867 2392 a
885 2347 953 2416 quo
968 2347 1078 2414 nuper
1090 2324 1333 2415 Theophanem
1358 2324 1614 2416 Mitylenaeum,

391 2461 507 2507 rerum
532 2439 607 2528 ejus
624 2438 837 2529 scriptorem,
859 2439 896 2508 in
917 2439 1068 2509 militum
1092 2439 1264 2524 contione,
1291 2438 1428 2508 civitate
1453 2439 1616 2508 donatum

390 2554 582 2626 constabat.

433 2788 529 2860 XXI.
555 2787 678 2858 Exitus
699 2811 822 2868 causae
841 2812 911 2858 non
938 2810 1099 2881 expresse
1120 2789 1265 2857 traditus
1286 2798 1350 2872 est,
1375 2788 1475 2858 facile
1500 2798 1615 2859 tamen

389 2905 580 2996 conjicitur.
609 2905 760 2989 Quinam
785 2905 877 2974 enim
896 2904 1031 2994 judices
1055 2913 1106 2975 tot
1136 2903 1307 2995 tantisque
1337 2903 1387 2973 rei
1410 2905 1615 2988 fautoribus,

390 3021 431 3103 Q.
441 3021 595 3092 Ciceroni
611 3021 772 3113 praesidi,
791 3021 837 3092 M.
852 3021 1008 3091 Ciceroni
1024 3020 1190 3090 advocato
1205 3042 1276 3089 non
1289 3019 1495 3091 cessissent?
1507 3021 1617 3111 Igitur

390 3137 553 3206 Archiam
571 3160 641 3205 non
662 3147 732 3206 tam
751 3136 960 3219 ahsolutum,
986 3159 1090 3230 quam
1116 3160 1177 3230 per
1200 3135 1265 3206 hoc
1286 3136 1458 3229 judicium
1487 3137 1614 3207 civitati

389 3275 552 3322 romanae
581 3253 763 3338 adscitum,
785 3265 995 3340 statuamus;
1017 3253 1228 3346 quodetiam
1244 3253 1312 3322 alio
1334 3252 1460 3324 iudicio
1476 3253 1616 3324 demon-

391 3378 528 3439 stratur.
555 3372 640 3439 Nam
664 3371 693 3438 si
710 3393 789 3440 reus
806 3393 911 3440 eausa
934 3369 1126 3454 cecidisset,
1144 3369 1273 3454 statim,
1294 3368 1483 3439 secundum
1501 3370 1615 3462 legem

390 3483 546 3576 Papiam,
572 3486 614 3554 ah
638 3485 728 3556 Urbe
753 3487 982 3556 removendus
1006 3491 1106 3570 erat3
1130 3493 1258 3570 contra,
1283 3484 1484 3576 insequente
1511 3507 1613 3570 anno,

389 3597 550 3667 Archiam
581 3621 699 3668 secure
732 3601 864 3671 Romae
901 3599 1036 3692 degisse
1067 3608 1212 3668 testatur
1246 3597 1422 3668 Ciceronis
1454 3599 1612 3690 epistola,

389 3734 508 3781 mense
527 3712 663 3782 circiter
681 3713 772 3783 Maio
788 3712 832 3782 ad
849 3713 1003 3812 Atticum
1026 3713 1184 3806 scripta',
1202 3713 1238 3782 in
1257 3734 1326 3806 qna
1338 3719 1469 3798 noster,
1485 3713 1615 3785 omisso

391 3829 543 3897 carmine
558 3829 730 3910 Tulliano,
749 3828 983 3899 Caecilianam
1005 3831 1162 3923 sedulam
1186 3829 1345 3900 meditari
1361 3829 1496 3900 dicitur.
1522 3830 1616 3900 Adeo

391 3945 448 4036 (ut
477 3954 531 4013 est
560 3943 690 4015 Italicis
722 3946 758 4014 in
781 3945 990 4038 proverbio)⁴
1006 3955 1209 4039 tempestate
1241 3947 1360 4016 sedata
1387 3949 1462 4039 jam
1486 3955 1612 4016 nautae

390 4082 521 4129 numen
545 4084 617 4130 non
644 4061 730 4130 assis
759 4061 932 4132 faciunt‘!
962 4061 1094 4130 Exinde
1124 4062 1165 4132 de
1191 4063 1320 4132 Archia
1344 4063 1440 4131 nulla
1467 4062 1614 4155 amplius

426 4294 452 4348 t.
477 4293 590 4362 Ennius,
611 4293 645 4352 lr.
664 4299 718 4358 539
742 4300 916 4373 (Baehrens).
941 4297 983 4356 CI.
1008 4297 1098 4372 ipsum
1120 4295 1258 4365 Archiam,
1285 4295 1372 4354 Anth.
1393 4295 1466 4360 rat..
1482 4294 1531 4364 IX,
1550 4295 1614 4366 343,

389 4371 593 4446 praedicantem
609 4392 616 4430 τ
631 4383 685 4447 ἱρὸν
696 4376 854 4434 &aaronitas
869 4384 959 4448 ἔτυμον
972 4385 1053 4450 γένος.

423 4454 452 4509 2.
468 4453 557 4510 Locus
572 4461 616 4511 est
634 4453 681 4528 qui
695 4453 791 4527 incipit
806 4471 813 4508 :
830 4455 905 4511 Sacc
919 4457 1120 4514 etsclttndtnes
1134 4457 1381 4528 correspondent,
1398 4461 1464 4524 etc,
1481 4457 1538 4513 Hoc
1548 4471 1614 4512 can·

388 4533 472 4589 ticum
487 4533 672 4601 Quintilianus
687 4550 769 4607 saepe
784 4533 877 4591 laudat
891 4534 937 4606 (V,
954 4553 982 4605 ιι,
997 4539 1051 4606 25;
1069 4537 1141 4606 VIII,
1158 4553 1197 4604 nr,
1211 4537 1263 4604 75;
1279 4537 1327 4606 IX,
1343 4554 1379 4605 tr,
1395 4537 1430 4593 tt
1440 4555 1449 4607 3
1461 4535 1510 4602 xt,
1525 4553 1544 4604 r,
1559 4537 1613 4606 at;

387 4614 414 4680 3,
432 4615 504 4686 167),
520 4616 660 4672 Ausonius
674 4615 796 4670 imitatus
811 4621 864 4678 est,
878 4617 944 4686 Ep„
959 4617 1004 4682 29,
1021 4617 1127 4690 PeIper.

422 4695 449 4753 3.
463 4694 1613 4772 AdAtt.,I‚xv1,15.Clodinstuncabsolutuserat,Quietusprolectionemparabat.

423 4777 448 4831 t.
463 4777 577 4832 Passcto
591 4779 613 4832 tt
625 4777 758 4850 perlecto,
772 4778 889 4848 pohhoto
903 4778 925 4832 tt
937 4783 1028 4833 santo.
