3830 5786
728 669 954 738 ‚.,19...

255 861 326 908 non
341 837 483 906 deerant
504 856 512 905 t
534 837 678 906 aderant
700 837 807 927 legati
832 838 1084 922 Heraclienses,
1102 838 1263 909 mandato
1286 850 1320 908 et
1339 840 1478 931 publico

256 951 454 1022 testimonio
470 950 641 1034 instructi,
659 950 777 1020 aderat
792 950 865 1044 ipse
882 953 926 1022 tt.
953 952 1120 1022 Lucullus
1142 956 1201 1045 qui
1222 978 1259 1024 se
1283 979 1354 1023 rem
1374 956 1478 1048 spisse

255 1066 496 1160 profitebatur;
526 1076 562 1136 at
584 1067 833 1138 Graeculorum
856 1078 895 1137 ut
912 1068 1103 1155 clientium,
1129 1069 1264 1140 Luculli
1287 1081 1324 1139 ut
1343 1072 1479 1161 patroni
1553 1077 1556 1082 '

257 1196 421 1276 suspecta
433 1185 531 1269 fides,
556 1183 700 1253 dubium
724 1184 974 1254 testimonium.
998 1186 1077 1255 Jam
1100 1186 1135 1254 id
1156 1187 1281 1278 ipsum,
1309 1187 1402 1279 quod
1415 1190 1480 1256 Ar·

260 1301 357 1372 chias
372 1324 415 1372 cx
431 1301 508 1393 lege
525 1299 664 1370 Plautia
679 1301 809 1370 Romae
824 1302 1001 1394 professus
1017 1313 1121 1385 esset,
1137 1303 1368 1374 solisMetelli
1387 1327 1481 1395 prae·

257 1417 342 1488 toris
366 1416 493 1486 tabulis
511 1417 597 1509 (ipso
613 1416 754 1486 biennio
771 1428 850 1487 ante
870 1417 1077 1510 decesserat)
1093 1416 1401 1510 comprobabatur,
1421 1416 1482 1484 sed

258 1533 362 1624 hujus
379 1531 492 1600 omnis
503 1540 702 1623 praetorum
713 1531 850 1623 collegii
865 1531 968 1602 fidem
981 1532 1118 1604 Gratius
1135 1555 1205 1600 non
1220 1531 1366 1601 infirmis
1377 1554 1482 1621 argu-

173 1631 178 1639 ’
258 1646 387 1718 mentis
410 1646 650 1740 impugnabat,
682 1646 960 1740 quandoquidem
988 1651 1054 1741 Ap.
1086 1648 1267 1720 Claudium
1294 1648 1483 1716 Pulchrum

259 1763 508 1854 negligentiae,
526 1763 566 1832 P.
585 1763 771 1834 Gabinium
788 1762 990 1857 Capitonem
1005 1765 1273 1856 repetundarum
1288 1764 1483 1833 convictum

261 1888 481 1962 memoraret,
496 1877 626 1948 Metelli
642 1900 723 1949 vero
740 1879 902 1949 sanctitas
912 1890 945 1949 et
958 1880 1060 1949 anxia
1072 1881 1251 1972 diligentia
1265 1880 1485 1949 extolleretur

261 1993 1486 2090 potiusquamprobaretur.Insuperpraetorianarumtabularumquali-

262 2133 409 2202 cumque
440 2109 650 2196 auctoritati,
682 2111 859 2181 censoriae
891 2113 1039 2200 tabulae,
1073 2135 1219 2205 quarum
1246 2112 1353 2181 multo
1376 2113 1486 2204 maj0r

262 2225 348 2296 fides
363 2248 404 2295 ac
416 2228 592 2318 majestas,
610 2223 890 2317 opponebantur;
907 2226 944 2294 in
957 2226 1011 2294 his
1031 2224 1126 2296 enim
1141 2226 1266 2296 tabulis
1283 2228 1409 2296 frustra
1423 2249 1487 2294 no-

264 2365 344 2411 men
359 2342 520 2426 Archiae,
537 2343 665 2410 frustra
678 2341 848 2410 bonorum
863 2345 939 2434 ejus
953 2342 1454 2434 professionemquaesivisses
1477 2365 1484 2410 :

264 2479 307 2526 ex
335 2480 404 2550 quo
421 2458 608 2549 apparebat
629 2456 727 2525 illum
753 2456 840 2544 sive,
873 2458 983 2550 ipsius
1007 2458 1151 2549 judicio,
1170 2481 1347 2550 nunquam
1379 2458 1489 2526 civem

265 2573 385 2657 fuisse,
402 2596 478 2659 sou,
495 2573 525 2641 si
553 2573 688 2657 iuisset,
714 2573 845 2644 omisso
869 2596 987 2657 censu,
1005 2597 1076 2644 non
1100 2574 1204 2644 modo
1224 2574 1408 2661 civitatem,
1430 2574 1490 2642 sed

265 2688 369 2758 etiam
391 2687 585 2758 libertatem
609 2687 675 2757 sibi
699 2687 812 2781 ipsum
844 2688 1094 2780 abjudicavisse
1110 2695 1131 2758 ¹.
1158 2689 1316 2782 Denique
1345 2691 1489 2783 nequid·

266 2826 369 2896 quam
383 2803 656 2875 contendebatur
680 2805 841 2874 omnibus
866 2806 920 2875 bis
946 2806 1157 2890 censoribus,
1185 2806 1244 2898 qui
1264 2806 1344 2876 inde
1369 2829 1390 2874 a
1413 2807 1490 2898 lege

265 2921 402 2992 Plautia
430 2920 654 3006 exstitissent,
684 2933 745 2992 aut
770 2923 919 2992 lustrum
945 2923 1082 2991 nullum
1110 2923 1288 2992 conditum
1317 2945 1405 3009 esse,
1432 2933 1491 2991 aut

267 3036 432 3106 Archiam
447 3035 599 3106 abfuisse
616 3037 707 3127 apud
722 3035 909 3106 exercitum
922 3057 930 3104 z
943 3045 1033 3105 oerto
1049 3035 1141 3104 enim
1158 3035 1302 3105 Crassus
1315 3045 1350 3104 et
1368 3035 1493 3106 Caesar

269 3173 431 3222 censores
445 3150 475 3220 si
490 3150 608 3222 minus
625 3173 759 3236 omnes,
783 3161 819 3220 at
833 3151 955 3221 saltem
981 3173 1090 3221 novos
1106 3151 1199 3220 cives
1220 3151 1256 3220 in
1281 3173 1360 3220 suus
1384 3151 1492 3220 tribus

269 3267 537 3360 descripserant,
565 3290 701 3337 necnon
727 3266 888 3338 absentes
906 3288 947 3336 eo
962 3277 1116 3360 tempore
1140 3268 1341 3359 plerumque
1361 3270 1494 3338 censeri

247 3423 250 3432 ι
269 3383 425 3454 solebant
437 3387 461 3472 ¹,
480 3383 572 3476 quod
584 3382 700 3452 indea
722 3385 761 3453 Ρ.
782 3383 954 3476 Scipionis
971 3393 1082 3454 aetate
1099 3383 1294 3452 obtinuerat
1309 3384 1331 3452 ³.

315 3605 409 3681 XIX.
428 3607 655 3700 Gratiiigittu
676 3605 862 3692 accusatio,
886 3627 1084 3698 quanquam
1107 3607 1281 3680 invidiosa
1300 3619 1334 3679 et
1347 3611 1491 3696 inutilis,

271 3722 495 3794 fundamento
513 3735 712 3795 tamennon
730 3721 878 3808 carebat,
897 3723 1017 3810 immo,
1042 3734 1079 3792 ut
1095 3723 1207 3794 dicam
1228 3749 1316 3818 quac
1336 3729 1495 3810 sentiam,

272 3863 355 3913 vcra
374 3864 413 3912 ac
427 3841 584 3933 legitima
611 3841 718 3910 luisse
741 3839 888 3910 videtur.
915 3839 1028 3922 Quare
1051 3841 1209 3927 Archias,
1240 3849 1279 3910 ut
1300 3842 1335 3911 in
1360 3866 1495 3912 summo

275 3957 484 4044 discrimine,
498 3960 573 4049 jam
590 3957 722 4026 nullam
748 3954 814 4026 sibi
839 3955 986 4024 salutem
1015 3955 1082 4024 nisi
1101 3956 1137 4024 iu
1161 3957 1289 4026 diserto
1316 3959 1496 4029 defensore

274 4075 347 4144 iore
368 4074 567 4160 arbitratus,
598 4072 644 4142 M.
675 4071 851 4143 Ciceronis
872 4071 1063 4164 patrocinio
1094 4095 1130 4140 se
1160 4096 1290 4166 suaque
1313 4077 1495 4146 commisit.

273 4191 398 4259 Istum
414 4212 534 4258 recens
545 4211 563 4257 e
575 4189 771 4274 consulatu,
787 4187 890 4257 caede
906 4187 1185 4256 Catilinariorum
1200 4211 1300 4257 carus
1315 4191 1496 4274 nobilitati,

275 4295 384 4376 etiam*
394 4304 528 4375 absenti
542 4305 707 4395 Pompeio
725 4326 795 4372 non
821 4303 960 4372 omnino
984 4303 1140 4393 ingratus
1153 4303 1177 4383 ⁵,
1195 4305 1367 4388 facundia,
1385 4319 1499 4378 aucto·

314 4550 340 4604 1.
361 4545 465 4612 Cicero,
476 4547 532 4602 Pro
546 4547 672 4612 Coccina,
688 4542 813 4610 XXXtV,
829 4544 873 4600 99.

312 4629 341 4684 2.
362 4625 431 4698 Cic,
450 4627 494 4682 Ad
504 4628 636 4690 Atticum,
654 4625 676 4692 l,
689 4640 765 4694 xvru,
781 4626 808 4690 8,
826 4623 892 4678 fin:
908 4623 1052 4681 acchaeus
1067 4627 1300 4683 censeorccurcbu
1315 4629 1485 4687 edicendum.

313 4708 342 4767 3.
362 4711 395 4763 Α.
411 4706 524 4776 Gellius,
541 4705 575 4774 V,
590 4721 649 4772 xix,
666 4705 709 4765 16.

314 4789 341 4844 l.
363 4785 492 4860 Pompeio
507 4795 580 4842 certe
595 4783 801 4854 blandiebatur,
816 4783 888 4858 quod
906 4789 1024 4840 testatur
1039 4785 1085 4842 Ad
1098 4787 1180 4855 som„
1198 4783 1230 4855 V,
1244 4788 1271 4840 7.
