3830 5786
799 651 977 720 ..39-

276 816 454 888 fastidiosa
477 829 515 890 ut
539 841 715 904 sensuum,
739 821 788 889 ila
805 843 970 890 sonorum
995 819 1220 888 similitudine
1249 841 1368 890 aurem
1392 821 1499 892 olien-

277 936 372 1004 dunt.
393 939 460 1006 Nec
473 939 585 1030 magis
600 939 765 1030 probandi
776 949 856 1008 sunt
870 941 908 1010 hi
923 961 1064 1008 versus:

494 1137 572 1203 κῦμα
587 1125 796 1205 relectorum
810 1119 867 1188 ὦσε
878 1119 903 1188 α’
919 1125 964 1188 ἐπὶ
979 1124 1124 1205 ψαμάθους
1136 1123 1187 1190 ¹...

489 1235 608 1311 ,cervara
623 1226 702 1296 ταῦθ’
719 1235 746 1294 αἱ
760 1233 805 1294 σαὶ
821 1235 865 1295 σαί
880 1235 963 1296 θέσαν
981 1232 1123 1315 ἐργάααδες
1134 1225 1186 1297 ’...

496 1343 535 1420 μή
551 1361 625 1413 τινος
639 1333 719 1402 ἀλλὰ
734 1338 766 1404 σὺ
779 1353 815 1424 σῇ
833 1343 940 1420 πότμον
955 1339 1027 1426 ἕλῃς
1040 1339 1162 1424 παλάμῃ
1173 1339 1226 1402 ⁸...

274 1529 313 1588 ut
327 1519 394 1588 alia
411 1519 568 1610 eiusdem
582 1519 713 1588 farinae
730 1519 888 1589 omittam
911 1542 998 1613 quae
1016 1519 1237 1589 festinantem
1257 1521 1427 1592 calamum
1445 1522 1499 1592 vel

274 1659 393 1704 aurem
423 1635 539 1704 minus
568 1643 749 1728 purgatam
783 1635 968 1705 declarant.
996 1635 1121 1706 Verbis
1152 1638 1363 1728 compositis,
1387 1639 1498 1726 novis,

273 1773 393 1843 parum
409 1750 545 1820 usitatis
573 1751 820 1820 ultramodum
840 1753 962 1838 utitur,
980 1774 1128 1844 quorum
1147 1760 1227 1822 sunt
1245 1755 1415 1846 exempla,
1428 1758 1502 1846 jam

274 1867 418 1936 aSuida
438 1875 568 1952 notata,
588 1867 730 1957 leretur,
749 1876 948 1954 πολυσπαθής,
965 1874 1159 1958 spirituum,
1177 1881 1345 1956 σκαπιήαης,
1363 1879 1497 1961 βιαρκής,

274 1985 456 2074 δειραχθήςξ
471 1980 595 2074 quibus
618 1982 724 2052 addus
739 1984 893 2074 ἁφρηστῄς,
911 2005 1032 2053 vocem
1055 2006 1125 2053 non
1150 1993 1250 2052 antea
1264 1997 1464 2077 usurpatam
1476 1989 1500 2072 ⁸,

275 2099 422 2191 denique
441 2097 603 2189 Hesychii
619 2098 772 2190 glossam
792 2119 800 2167 ε
819 2105 948 2187 parmi·
970 2105 1087 2188 ψαιστά,
1112 2097 1246 2190 Ἀρχίας,
1268 2122 1310 2167 ex
1325 2099 1501 2192 deperdito
1613 2129 1614 2134 ¹

275 2215 404 2284 scilicet
432 2213 488 2284 vel
514 2219 674 2305 corrupto
701 2215 866 2300 carmine.
894 2213 1071 2284 Dialeclus
1096 2213 1127 2282 ei
1159 2215 1360 2307 plerumque
1390 2217 1499 2308 epiea,

274 2329 460 2414 interdum,
472 2329 675 2421 praesertim
689 2329 726 2398 in
742 2330 919 2414 bucolicis,
933 2329 1082 2413 dorica‘,
1097 2329 1189 2420 quod
1204 2329 1399 2420 argumenti
1413 2332 1501 2401 ratio

274 2445 479 2537 postulabat.
498 2445 632 2514 Passim
655 2445 810 2529 Homeri,
832 2445 985 2530 Pindari,
1003 2445 1167 2537 Aeschyli
1181 2444 1326 2514 laciniae
1342 2446 1500 2515 sedulum

274 2573 429 2633 veterum
446 2568 624 2652 poetarum
644 2559 807 2629 lectorem
825 2558 979 2628 indicant
994 2568 1028 2628 et
1049 2558 1225 2628 illustrant
1246 2560 1500 2652 quodammodo

275 2675 449 2747 Ciceronis
475 2676 610 2745 verba:
639 2697 728 2768 quoe
751 2687 908 2744 aestuate
936 2675 1149 2767 capituloque
1179 2675 1362 2766 scripsisset
1388 2699 1428 2744 aa
1455 2677 1503 2744 sic

271 2791 412 2885 probari
440 2803 478 2859 ut
508 2791 556 2859 ad
582 2801 733 2860 ueterum
760 2793 965 2882 scriptorum
996 2789 1133 2858 laudem
1158 2791 1349 2882 perueniret
1367 2801 1389 2860 '.
1405 2793 1501 2882 Ejus·

273 2907 366 2976 modi
398 2917 479 2976 sunt
497 2911 682 2998 juncturae
709 2907 891 2976 verborum
917 2909 1014 2996 ἀγλαὰ
1041 2907 1152 2997 δῶραΰ,
1179 2915 1289 2977 εἴδωλα
1315 2909 1499 2994 mplrrur',

273 3027 442 3096 ἁόάπτιατον
461 3033 568 3113 φαλλόν
578 3027 614 3105 ¹⁰,
632 3033 776 3115 σπείραμα
790 3029 943 3114 δράκοντος
954 3024 991 3110 ¹¹,
1005 3023 1092 3092 aliae
1109 3045 1194 3114 quas
1210 3023 1403 3092 incensum
1421 3025 1500 3092 dara

273 3141 410 3233 longius
425 3151 527 3210 esset.
546 3140 615 3209 Nec
628 3149 745 3208 tamen
759 3161 893 3231 semper
908 3160 994 3229 quae
1009 3149 1187 3207 mutuatur
1206 3141 1307 3231 plane
1323 3137 1499 3228 intelligit,

274 3256 364 3347 quod
379 3255 504 3326 accidit
519 3265 636 3324 nostro
652 3256 687 3324 in
705 3277 807 3323 versu
822 3257 846 3292 ¹·

584 3423 658 3510 νήπι’
674 3423 790 3514 Ἔρως,
807 3432 919 3514 replete
935 3451 971 3509 με
983 3429 1014 3494 τὸ
1026 3433 1162 3514 κρήγυον.

308 3656 334 3712 1.
349 3655 436 3712 Antlr.
448 3655 521 3722 Pul..
537 3652 598 3724 vll,
612 3653 680 3712 214.

306 3735 334 3794 2.
353 3733 397 3804 Vl,
414 3735 459 3792 39.

307 3817 335 3877 3.
355 3814 416 3882 Vll,
432 3817 493 3876 147.

306 3897 334 3952 t.
354 3895 398 3965 lt,
411 3896 479 3962 207;
496 3895 627 3965 39;192;
644 3897 693 3962 16;
710 3895 771 3954 179.
784 3895 854 3954 Sunl
870 3895 938 3952 haec
952 3895 1046 3952 omnia
1056 3893 1123 3952 ἅπαξ
1137 3887 1306 3960 εἷρημὲνααεΙ
1322 3891 1416 3950 saltam
1429 3912 1499 3963 quae

271 3975 345 4050 apud
360 3976 515 4048 superiores
534 3982 631 4050 poetas
651 3991 705 4030 non
723 3979 877 4044 occurrant,
893 3981 1001 4050 praeter
1016 3991 1109 4030 vocem
1133 3973 1272 4038 σκοπιήτης
1294 3989 1375 4046 quam
1396 3973 1501 4032 hubent

266 4057 323 4131 jam
347 4055 474 4112 Rhianus
498 4063 525 4112 et
547 4055 701 4129 Antipater.
720 4055 782 4114 Alia
805 4073 875 4130 quae
896 4055 996 4112 Suidas
1019 4053 1127 4112 notarit
1151 4055 1307 4122 (χιρμαδίον,
1326 4050 1498 4121 ἀντίφθογγον,

270 4137 400 4206 κίρτομος,
415 4137 534 4204 ἀντῳδὸς,
551 4135 682 4206 inpertit,
697 4139 774 4210 ete),
789 4137 856 4194 nihil
873 4135 977 4194 habent
990 4133 1175 4192 memorabile.

304 4217 332 4273 5.
348 4214 410 4286 Vll,
425 4216 489 4282 214,
504 4233 531 4277 r.
546 4217 574 4273 5.

303 4299 333 4354 6.
348 4295 395 4366 Vl,
411 4298 456 4362 39,
471 4297 543 4366 ach
561 4295 621 4366 Vll,
637 4299 698 4364 191,
718 4297 791 4364 213;
805 4297 853 4369 111,
868 4299 938 4367 250;
952 4299 1030 4370 upp.
1046 4297 1145 4366 Plan„
1161 4299 1223 4354 179.

303 4379 333 4437 7.
349 4375 418 4444 Cic,
439 4379 493 4432 Pro
508 4377 622 4449 Archia,
638 4376 712 4448 11111,
731 4379 778 4435 18.

303 4457 331 4512 8.
347 4454 395 4525 Vl,
409 4457 463 4512 207
478 4473 509 4506 =
523 4459 569 4526 11.,
585 4457 606 4528 1,
616 4457 680 4514 213.

303 4537 331 4593 9.
347 4535 407 4603 vlt,
423 4537 458 4592 68
472 4553 503 4584 =
515 4537 579 4604 Od.‚
592 4537 640 4606 111,
656 4539 718 4595 475.

192 4619 196 4628 ’
304 4615 348 4673 10.
364 4613 412 4682 Vl,
426 4617 479 4673 192
492 4633 523 4665 =
536 4616 631 4686 Pina,
645 4617 737 4690 Pyra,
751 4616 787 4688 11,
801 4617 847 4674 80.

305 4695 348 4752 11.
365 4695 412 4768 Vl,
427 4699 480 4754 209
495 4715 525 4746 =
539 4698 654 4768 nosch„
668 4697 796 4776 Cloeph„
811 4699 874 4762 248.

308 4775 350 4838 12.
366 4775 401 4850 v,
415 4777 461 4840 ss.
