3830 5786
820 637 996 704 ...55-

514 808 561 871 τδν
574 807 605 871 δὲ
619 811 704 887 μόνον
719 810 852 871 πλεκτῶν
867 803 929 872 αὖθι
944 813 1052 889 μεθῆκε
1067 812 1166 874 λίνων.

404 917 423 971 5
474 906 548 998 Ἱρδν
563 910 740 979 ἆοιδοπὸλων
756 917 856 995 ἔτυμον
871 921 967 998 γένος.
985 911 1031 979 Ἦ
1048 919 1103 1001 ἄρα
1117 919 1232 998 πολλὴν

509 1023 557 1086 καὶ
572 1023 664 1106 stupui
677 1028 787 1086 πτανῶν
802 1017 921 1106 φροντίδ’
936 1027 1030 1106 ἔχουσι
1044 1024 1145 1107 πάγαι.

326 1195 364 1255 u.
382 1196 415 1255 e.
433 1195 528 1256 unta
546 1193 630 1268 rat,
650 1196 700 1272 rx,
717 1197 787 1266 aas.

328 1329 415 1391 Erre.
429 1329 623 1410 Expressum
637 1347 676 1391 ex
690 1329 850 1408 Antipatri
865 1329 986 1390 Sidonii
998 1331 1140 1392 carmine
1152 1329 1211 1412 (Ill,
1224 1331 1286 1410 76),
1298 1332 1385 1410 quod
1397 1332 1513 1395 deinde

286 1428 408 1490 Paulus
431 1427 634 1490 silentiarius
653 1427 800 1489 imitatus
823 1431 872 1488 est
895 1426 954 1507 (lll,
980 1430 1061 1510 396).
1081 1429 1166 1490 Haec
1193 1429 1256 1490 tria
1279 1431 1514 1510 epigrammata

288 1545 362 1589 eum
383 1527 417 1586 in
436 1527 632 1606 Antholegia
653 1527 739 1586 inter
753 1526 1005 1588 demonstrativa
1023 1532 1196 1606 ponantur,
1215 1528 1365 1590 videntur
1384 1548 1448 1590 nun
1472 1531 1513 1592 ad

288 1625 391 1703 ipsam
407 1643 474 1686 rem
488 1643 571 1703 quae
581 1624 626 1685 ibi
638 1627 798 1697 narratur,
813 1624 870 1686 ssd
881 1625 987 1703 potius
1000 1625 1040 1686 ad
1052 1625 1194 1687 tabulam
1204 1626 1391 1706 quamdam,
1404 1627 1516 1708 hujus

288 1722 376 1784 modi
395 1722 540 1784 fabulam
560 1721 789 1794 illustrantem,
807 1726 961 1802 spectare,
979 1742 1167 1802 quanquam
1189 1728 1221 1785 et
1237 1723 1314 1785 alibi
1335 1723 1369 1784 in
1385 1726 1512 1787 Antho-

288 1820 373 1900 logia
387 1819 516 1900 apologi
534 1819 675 1899 elegiaco
690 1822 794 1880 metro
809 1819 923 1898 scripti
938 1819 1092 1900 leguntur
1107 1820 1167 1900 (lx,
1189 1841 1222 1879 ιο
1238 1819 1312 1900 sq.).

804 2227 989 2292 ernust
1042 2307 1046 2321 ,
1092 2177 1096 2186 ’

851 2405 950 2474 XVll

783 2557 851 2608 sin
878 2557 1014 2608 sporn

462 2699 555 2785 Nilru’
570 2699 684 2790 Ἔρως,
697 2711 812 2790 πορδεῖς
827 2707 862 2784 μὲ
876 2707 909 2770 τὸ
920 2712 1045 2791 κρήγυον
1058 2731 1065 2744 ·
1081 2702 1123 2781 εἷς
1135 2707 1171 2784 μὲ
1184 2712 1307 2774 κένωοον

506 2821 560 2876 πᾶν
576 2813 608 2876 οδ
624 2815 723 2890 βέλος,
741 2816 845 2892 λοιπὴν
861 2807 961 2892 μηκέτ’
973 2809 1052 2897 ἁρεὶς
1064 2816 1198 2896 γλυρίδα,

461 2923 501 2996 ὠς
517 2922 552 2984 ἅν
568 2931 669 3000 μοῦνον
682 2923 761 2996 ’ἕλοις
774 2919 829 2994 ἰοῖς
842 2920 905 3000 ἐμὲ,
920 2925 968 2984 καί
981 2946 1040 2985 τινα
1054 2927 1168 3007 χρῄζων

506 3030 599 3092 ἄλλον
614 3028 765 3100 ὁϊοτεϋοαι,
779 3021 878 3106 μηκέτ’
893 3031 970 3110 ἔχοις
985 3024 1078 3093 ἀκίδα.

324 3187 359 3246 u.
378 3187 411 3246 c.
431 3184 524 3246 lieu.
542 3183 627 3257 rat,
644 3187 681 3260 ν,
699 3188 747 3246 ω.

323 3323 412 3385 Exru.
431 3321 645 3398 Sententiam,
662 3339 726 3382 non
748 3319 856 3394 rerba,
875 3319 1077 3400 deprompsit
1092 3337 1131 3381 ex
1150 3320 1265 3382 ultimo
1279 3321 1419 3383 disticho
1435 3340 1507 3383 ear-

283 3422 379 3482 minis
393 3421 581 3500 Meleagria,
599 3421 634 3492 V,
657 3425 722 3496 198.

840 3757 867 3825 V

767 3927 846 3992 {mn
869 3925 1019 3988 arnna]

458 4075 582 4159 Φεύγειν
596 4080 639 4142 δεῖ
652 4079 701 4142 τδν
715 4071 853 4162 Ἔρωτος
865 4078 950 4150 κενδς
961 4078 1064 4148 πόνος·
1083 4073 1115 4136 οὔ
1129 4071 1185 4156 γὰρ
1200 4067 1298 4146 ἀλύξω

501 4187 586 4262 πεζδς
602 4186 653 4250 ὑπὸ
669 4196 773 4264 πτηνοῦ
788 4182 881 4248 πυκνὰ
895 4185 1077 4262 διωκόμενος.

320 4363 356 4422 N.
375 4363 408 4424 C.
424 4361 518 4423 Anca.
535 4359 620 4432 Pal,
638 4363 673 4434 V,
692 4363 729 4439 59
746 4380 754 4421 :
771 4368 885 4444 ὁμοίως.

318 4505 409 4566 Exrn.
428 4507 531 4567 Habet
546 4503 720 4584 quamdam
735 4501 981 4565 similitudinem
997 4518 1070 4561 cum
1085 4499 1228 4559 carmine
1245 4497 1404 4575 Meleagri,
1417 4496 1501 4580 App.

275 4601 383 4676 Plau„
401 4608 469 4667 213.
