3830 5786
964 617 1141 684 ..50-

439 778 526 847 lator·
554 780 639 850 Post
668 780 786 850 urbem
816 781 994 850 obsidione
1028 781 1222 868 liberatam,
1253 779 1436 852 Lucullum
1466 782 1502 852 in
1534 783 1663 873 templo

439 893 583 964 Veneris
596 895 719 964 Iliacae
735 896 963 966 dormientem
981 898 1044 968 dea
1063 898 1245 989 increpuit,
1264 898 1399 966 hostem
1418 897 1454 966 in
1471 897 1663 989 propinquo

439 1011 543 1080 latere
575 1012 720 1098 docens;
747 1014 839 1084 illico
868 1013 1021 1083 monitus
1048 1015 1197 1084 surrexit
1226 1014 1408 1107 regiasque
1436 1037 1544 1085 naves
1574 1013 1665 1106 apud

438 1127 657 1197 Achaeorum
681 1138 817 1220 portum
845 1129 1015 1221 oppressit
1034 1131 1061 1212 ¹3
1095 1130 1261 1220 reliquam
1286 1127 1492 1198 Mithridatis
1519 1129 1665 1200 classem

439 1243 549 1310 Diana
571 1243 743 1335 Priapina‚
760 1255 879 1316 coorta
903 1255 1119 1336 tempestate,
1138 1244 1274 1329 delevit,
1292 1255 1329 1312 ut
1348 1245 1515 1336 templum
1528 1265 1667 1312 sunnia

438 1357 591 1428 Ponticis
606 1358 777 1452 direptum
793 1360 1046 1432 ulcisceretur¹.
1062 1360 1157 1444 Quae
1174 1368 1376 1449 sequuntur,
1393 1383 1499 1452 usque
1515 1359 1558 1428 ad
1572 1359 1665 1452 regis

437 1496 559 1543 versus
585 1475 768 1566 Tigranem
792 1478 925 1568 lugam,
957 1477 1124 1569 prodigiis
1150 1486 1280 1560 carent,
1308 1476 1521 1548 ornamentis
1548 1486 1665 1546 tamen

438 1590 542 1681 epicis
558 1613 598 1660 eo
615 1592 726 1681 magis
751 1602 894 1662 scatent.
914 1593 1137 1674 Merentem,
1156 1591 1302 1660 Lucullo
1318 1591 1469 1683 Sinopen
1492 1589 1664 1660 obsidenti

437 1717 595 1775 narratur
614 1707 782 1796 quaedam
798 1709 909 1777 forma
926 1709 961 1778 in
976 1707 1108 1777 somnis
1123 1707 1337 1800 apparuisse,
1357 1729 1503 1778 monens
1518 1705 1662 1795 Autoly-

438 1843 530 1904 cum,
554 1822 750 1892 fabulosum
772 1824 875 1915 hujus
896 1823 991 1893 urbis
1012 1824 1237 1908 conditorem,
1263 1845 1343 1893 cum
1367 1846 1408 1892 eo
1432 1823 1529 1914 loqui
1554 1824 1662 1908 velle;

439 1946 576 2026 postero
592 1937 647 2007 die
664 1939 745 2008 urbs
762 1949 860 2030 capta
880 1950 943 2026 est,
962 1940 1183 2009 simulacrum
1202 1939 1330 2023 herois,
1351 1939 1443 2031 quod
1465 1939 1665 2010 defensores

442 2052 588 2121 navibus
601 2053 777 2144 imponere
792 2055 964 2140 volebant,
981 2055 1123 2126 Lucullo
1138 2054 1175 2123 in
1187 2078 1311 2124 manus
1325 2055 1420 2126 venit
1430 2056 1453 2123 ⁸.
1470 2055 1662 2139 Postremo,

442 2192 520 2238 cum
536 2169 683 2238 Romani
701 2171 882 2239 transitum
900 2171 1083 2263 Euphratis
1105 2181 1275 2262 pararent,
1295 2170 1408 2240 amnis
1429 2170 1558 2240 recenti
1580 2181 1665 2240 tern-

440 2294 569 2374 pestate
586 2284 736 2354 tumidus
752 2296 957 2378 pernoctem
975 2285 1060 2356 adeo
1079 2287 1271 2356 decrevisse
1286 2287 1411 2356 dicitur
1424 2293 1464 2356 ut
1480 2308 1585 2356 cavus
1600 2286 1663 2355 sub
1739 2273 1743 2279 ’

439 2423 598 2470 euroram
622 2401 740 2470 alveus
765 2413 961 2472 cerneretur
985 2402 1225 2493 exercitusque
1251 2402 1342 2472 sicco
1373 2403 1459 2493 pede
1483 2401 1662 2486 transiret,

439 2513 502 2586 bos
525 2539 604 2585 vero
627 2538 733 2598 sacra,
761 2540 802 2585 ex
827 2527 981 2586 armento
1001 2517 1131 2588 Dianae
1149 2517 1321 2602 Persicae,
1345 2517 1436 2586 ultro
1460 2539 1497 2586 se
1516 2515 1663 2589 Lucullo

442 2631 658 2702 mactandam
672 2633 829 2725 praebuit
839 2634 863 2702 ⁸.

479 2849 572 2920 XIX.
599 2851 693 2920 Haec
708 2849 824 2921 omnia
837 2874 948 2944 neque
963 2850 1007 2920 ab
1023 2850 1099 2943 ipso
1114 2848 1298 2918 Plutarcho
1314 2849 1405 2931 licta,
1421 2870 1533 2940 neque
1550 2870 1570 2916 a
1586 2850 1661 2921 Sal·
1735 2901 1739 2908 .

436 2967 542 3035 lustio
560 2967 683 3036 tradita
697 2967 803 3036 fuisse
819 2966 998 3058 utriusque
1018 2964 1231 3036 consuetudo
1247 2964 1331 3034 satis
1347 2963 1577 3043 demonstrat;
1600 2987 1664 3032 nee

435 3081 546 3170 magis
569 3082 612 3150 ad
638 3084 848 3174 reliquorum
866 3083 1109 3153 historicorum
1130 3102 1339 3174 quemquam
1354 3102 1441 3172 quos
1455 3079 1661 3150 Plutarchus

435 3194 527 3279 citat,
545 3196 779 3280 Strabonem,
798 3199 964 3290 Nepotem
978 3201 1001 3282 ⁶,
1023 3199 1192 3280 Livium⁷,
1208 3219 1250 3265 ea
1269 3197 1448 3266 referenda
1464 3206 1561 3289 puto.
1578 3195 1661 3265 Illo-

436 3333 512 3380 rum
537 3313 628 3382 enim
657 3315 863 3384 Strabonem
891 3313 1129 3407 philosophica
1152 3311 1317 3406 gravitas,
1350 3313 1517 3402 Nepotem
1548 3312 1664 3402 (quem

435 3438 636 3518 portentosa
650 3431 843 3502 avidissime
861 3431 1039 3502 credidisse
1055 3452 1124 3498 non
1138 3429 1341 3520 negaverim
1352 3428 1376 3518 ⁸)
1398 3426 1501 3496 solita
1515 3425 1664 3494 brevitas

439 3543 608 3630 excludit;
638 3547 759 3616 Livius
786 3570 867 3616 sane
895 3539 1102 3642 mirabilium
1124 3557 1257 3615 amator
1286 3543 1430 3626 exstitit,
1459 3545 1602 3636 ejusque
1629 3539 1665 3608 in

437 3659 631 3729 Annalibus
654 3662 819 3754 Cyzicena
844 3661 1002 3756 prodigia
1026 3684 1047 3731 a
1071 3660 1256 3730 Plutarcho
1277 3668 1416 3728 narrata
1438 3656 1554 3726 locum
1575 3655 1663 3726 obti-

479 3853 503 3909 1.
520 3853 605 3923 Plau,
624 3859 699 3928 buo„
715 3858 762 3914 12.

475 3933 504 3988 2.
520 3933 605 4003 Plut,
621 3939 700 4002 Luc..
716 3940 760 3996 13.

476 4013 504 4069 3.
522 4015 606 4084 Plut,
622 4019 698 4092 aar,
712 4021 758 4076 23.

477 4093 503 4151 4.
522 4093 608 4166 Plut,
623 4100 700 4169 Lern,
716 4103 761 4156 24.
779 4099 848 4158 Rern
864 4117 917 4156 rron
956 4099 1018 4156 lane
1046 4099 1137 4155 fictam
1158 4097 1313 4172 (transitum
1329 4095 1401 4164 dieo)
1420 4101 1559 4154 testantur
1578 4095 1667 4152 Mem·

444 4177 631 4248 ΠΟ11,ο.56;
654 4179 721 4236 Sall.
746 4181 791 4249 lr.,
812 4179 859 4247 1v,
883 4181 914 4237 11
935 4117 1021 4243 briis,
1041 4196 1197 4252 quanquam
1220 4175 1365 4234 similiade
1387 4175 1542 4232 Alexandro
1562 4176 1666 4249 Magno

444 4251 639 4314 fabulabantur
653 4259 713 4332 ejus
726 4262 820 4318 coaevi
834 4261 881 4334 (al.
897 4260 1078 4318 Menandrum
1092 4277 1138 4332 sp.
1154 4257 1241 4328 Plut,
1257 4259 1351 4325 Ales„
1368 4255 1424 4328 17.)

480 4332 508 4389 5.
529 4334 621 4405 plut,
643 4341 722 4410 lua,
751 4342 797 4398 28.
821 4341 851 4396 ln
872 4338 1060 4396 describendis
1085 4339 1201 4412 Sinopes
1227 4335 1378 4412 originibus
1406 4340 1478 4394 carte
1504 4333 1667 4394 Plutarchus

446 4411 609 4474 Strabonem
620 4433 674 4476 non
686 4427 797 4478 secutus
810 4428 863 4490 est,
874 4438 936 4476 narn
946 4419 1010 4476 huie
1020 4421 1173 4493 Autolycus
1188 4435 1280 4476 eomss
1293 4416 1345 4474 luit
1356 4414 1467 4474 daronis
1477 4414 1594 4488 (Strab,
1604 4415 1666 4486 Xll,

448 4507 487 4558 m,
501 4495 555 4567 ll),
572 4495 610 4552 illi
625 4497 749 4556 Herculis
763 4501 895 4557 adversus
910 4502 1062 4557 Amazonas
1076 4497 1225 4556 molientis.
1694 4507 1698 4516 '

481 4571 509 4627 6.
525 4573 611 4646 Plut,
625 4580 705 4647 Luc„
724 4581 769 4637 13.

481 4651 510 4708 7.
526 4653 612 4725 Ρ1υ1.,
625 4660 703 4730 Luc„
714 4661 749 4716 28
761 4679 768 4724 ;
782 4661 827 4720 31.

480 4731 509 4792 8.
526 4734 610 4805 Plin,
625 4741 697 4796 litat.
715 4747 786 4809 aot,
802 4741 833 4808 V,
851 4759 868 4812 r,
886 4741 910 4797 1.
