3830 5786
846 665 1002 732 ,9.-

312 835 460 908 Caecilia
473 858 561 904 uxor
573 834 713 925 (femina
727 855 796 904 non
811 833 887 902 talis
907 829 1170 900 existimationis
1188 829 1298 920 qualis
1315 829 1443 898 Metelli
1464 833 1534 900 Nu-

309 951 426 1021 midici
443 971 595 1020 sororem
614 949 785 1018 decuisset
801 949 824 1039 ¹)
841 947 931 1017 lilios
946 947 1033 1015 duos
1050 954 1227 1036 genuerat,
1242 944 1388 1013 Lucium
1403 954 1437 1013 et
1449 946 1536 1014 Mar-

310 1091 402 1151 cum,
414 1089 560 1159 quorum
576 1075 687 1136 aetate
703 1063 836 1134 etfama
849 1066 959 1155 major
968 1061 1110 1146 Lucius,
1121 1059 1268 1128 Archiae
1278 1061 1348 1129 iere
1363 1060 1533 1153 aequalis,

310 1185 401 1254 circa
416 1205 544 1252 anuum
566 1181 609 1252 U.
628 1181 665 1252 C.
684 1183 748 1251 638
765 1189 868 1249 natus
885 1201 960 1248 esse
982 1177 1115 1246 videtur
1130 1177 1154 1248 ².
1179 1175 1358 1246 Crederem
1377 1186 1534 1244 nostrum

310 1300 390 1368 huic
409 1299 516 1370 nobili
532 1299 675 1367 fratrum
693 1297 778 1389 pari,
794 1296 870 1365 loco
887 1295 1014 1364 sodalis
1030 1317 1069 1364 ac
1079 1292 1318 1386 praeceptoris,
1335 1292 1535 1383 adjunctum

310 1415 429 1496 fuisse,
445 1422 483 1483 ut
496 1413 533 1482 iu
545 1412 679 1506 graecis
696 1403 818 1482 litteris
836 1433 895 1480 eos
910 1410 1047 1501 penitus
1062 1408 1233 1491 crudiret;·
1246 1408 1338 1498 quod
1356 1409 1387 1476 ei
1403 1430 1445 1476 ex
1460 1431 1535 1476 scn-

310 1531 417 1600 tentia
441 1529 617 1608 successit,
645 1550 725 1598 nam
747 1550 826 1598 cum
854 1527 955 1596 ambo
981 1525 1101 1595 fratres
1125 1533 1298 1613 φιλέλληνες
1326 1533 1360 1592 et
1385 1531 1534 1613 φιλόκαλοι

312 1669 448 1738 semper
465 1645 604 1728 fuerint,
623 1644 752 1714 Lucius
779 1643 895 1728 etiam,
915 1641 1101 1735 sponsione
1120 1663 1181 1732 per
1193 1643 1311 1732 jocum
1336 1640 1437 1724 facta,
1452 1639 1534 1709 belli

309 1762 416 1832 ltalici
447 1761 625 1831 historiam
659 1781 782 1851 graeco
813 1781 969 1830 sermone
1001 1757 1085 1827 olim
1111 1756 1326 1849 conscripsit,
1354 1778 1458 1848 quam
1480 1756 1535 1825 vel

311 1877 461 1948 carmine
480 1877 707 1963 tractavisset,
724 1877 754 1944 si
769 1876 840 1946 fors
860 1875 907 1944 ita
920 1873 1065 1943 tulisset.
1089 1873 1129 1941 In
1145 1872 1269 1964 quibus
1281 1871 1377 1941 libris
1391 1872 1536 1941 barbara

309 1994 479 2085 quaedam
496 2002 531 2062 et
545 2001 664 2064 σόλοικα
681 1993 759 2061 ideo
774 2015 810 2060 se
826 1990 1028 2084 dispersisse
1051 1989 1222 2059 fatebatur
1243 1998 1281 2057 ut
1296 1988 1457 2080 probaret
1475 2009 1534 2057 eos

309 2110 443 2180 romani
457 2109 607 2178 hominis
626 2131 701 2177 esse
718 2111 741 2178 ³.

354 2371 398 2440 X.
418 2369 613 2463 Praeceptis
629 2378 663 2438 et
676 2368 886 2438 carminibus
898 2369 1046 2438 Archiae
1058 2389 1190 2436 merces
1202 2389 1270 2436 non
1287 2367 1474 2450 diudefuit,
1487 2367 1534 2434 si-

296 2487 448 2587 quidem
464 2485 688 2554 Lucullorum
698 2485 810 2577 gratia
825 2494 858 2554 et
872 2485 1075 2554 auctoritate
1092 2483 1267 2552 civitatem
1278 2483 1532 2552 Heracliensem

310 2627 350 2672 ea
364 2607 568 2694 tempestate
584 2601 822 2692 impetravisse
838 2601 1002 2669 creditur.
1030 2599 1109 2691 Ipsa
1124 2598 1300 2668 Ciceronis
1325 2598 1428 2668 verba
1452 2600 1535 2668 alle·

308 2741 395 2802 ram,
410 2739 491 2786 sane
503 2716 727 2803 subobscura,
739 2717 982 2810 meditataque,
997 2715 1193 2798 ut-videtur,
1206 2715 1430 2808 ambiguitate
1442 2716 1535 2785 labo-

309 2834 419 2903 rantia
434 2857 442 2904 :
459 2833 612 2912 Interim,
629 2831 709 2901 satis
724 2832 824 2923 longe
843 2833 1036 2913 intervallo,
1053 2855 1132 2901 cam
1147 2843 1233 2901 esset
1246 2855 1325 2901 cum
1340 2835 1377 2901 L.
1394 2831 1535 2900 Lucullo

309 2951 346 3020 in
358 2948 514 3021 Siciliam
525 2949 705 3042 profectus
718 2962 751 3018 et
764 2973 843 3018 eam
858 2973 901 3018 ecc
915 2973 955 3018 ea
964 2947 1146 3042 provencia
1159 2972 1238 3017 crem
1262 2947 1379 3017 eodem
1393 2948 1535 3016 Laeerllo

309 3065 495 3149 decederet,
510 3068 601 3134 venit
624 3065 825 3134 Heracleam
841 3067 865 3135 ⁸.
895 3065 945 3134 De
977 3088 1129 3157 quonam
1156 3065 1300 3134 Lucullo
1324 3065 1372 3134 ibi
1398 3074 1533 3156 agatur,

309 3205 436 3272 magna
460 3183 551 3252 inter
573 3181 726 3252 eruditos
749 3182 905 3273 quaestio
931 3192 996 3266 est,
1013 3203 1092 3250 cum
1109 3180 1168 3249 alii
1184 3181 1226 3250 L.
1247 3191 1390 3272 patrem,
1418 3180 1476 3249 alii
1492 3181 1532 3252 L.

305 3299 425 3380 lilium,
451 3298 510 3368 alii
538 3322 633 3378 vero,
663 3307 794 3367 mutata
820 3297 977 3366 codicum
1004 3298 1183 3388 scriptura,
1214 3298 1365 3368 Marcum
1389 3297 1534 3390 intelligi

304 3411 489 3480 voluerint.
504 3413 579 3504 Ego
595 3422 628 3481 et
640 3411 805 3480 librorum
820 3411 934 3480 verbis
949 3411 1109 3481 standum
1122 3420 1157 3481 et
1170 3422 1301 3504 patrem
1312 3411 1536 3481 Lucullorum

306 3527 493 3618 significari
508 3527 648 3620 opinor;
665 3550 758 3614 uam,
779 3528 845 3598 etsi
865 3529 905 3598 L.
926 3527 1022 3596 illum
1041 3528 1226 3597 Ponticum
1240 3528 1275 3596 in
1298 3527 1414 3598 Sicilia
1429 3529 1536 3597 fuisse

304 3665 373 3711 nou
397 3643 628 3734 negaverim⁸,
657 3656 771 3713 tamen
796 3645 862 3713 hoc
885 3645 1056 3736 privatum
1087 3645 1152 3712 iter
1179 3644 1244 3712 luit
1273 3654 1307 3712 et
1327 3645 1435 3712 multo
1457 3655 1535 3735 post

303 3759 434 3828 bellum
458 3759 616 3829 Italicum
640 3759 838 3851 inceptum:
856 3762 895 3830 T.
921 3761 1015 3830 enim
1043 3760 1199 3829 Atticum
1228 3759 1275 3829 ibi
1302 3761 1456 3846 offendit,
1475 3762 1534 3853 qui

306 3897 399 3944 anuo
413 3876 553 3945 demum
572 3877 637 3946 689
660 3876 702 3947 U.
723 3875 762 3947 G.
788 3877 935 3946 Romam
960 3900 1002 3946 ex
1018 3875 1166 3945 Athenis
1197 3874 1397 3966 remigravit
1411 3878 1434 3944 ⁶.
1455 3877 1533 3946 Jam

302 3992 408 4062 verba
422 4015 465 4060 ea
476 3992 656 4084 provincia
676 3971 836 4062 decedere
857 4015 927 4062 non
951 3993 1019 4061 nisi
1040 3991 1082 4060 de
1107 3991 1311 4084 magistratu
1334 3993 1450 4085 populi
1467 3993 1534 4062 llo

337 4238 364 4292 l.
384 4233 471 4302 Pha,
489 4238 571 4298 Luc„
584 4235 618 4300 1;
640 4233 710 4300 eie,
731 4235 809 4292 Verr.
825 4237 903 4295 Aac..
919 4231 965 4300 Ν,
982 4249 1055 4298 uxvr,
1072 4235 1140 4301 atu
1156 4236 1203 4291 Ad
1218 4237 1289 4303 Ate,
1306 4235 1327 4305 l,
1343 4252 1400 4306 xvt,
1415 4235 1442 4291 9.

336 4319 364 4377 2.
384 4316 567 4373 Consulatum
580 4314 652 4371 enim
667 4331 739 4370 anno
752 4315 806 4371 680
825 4313 953 4382 obtinuit,
969 4316 1049 4386 cujus
1068 4321 1144 4371 aetas
1163 4315 1285 4388 legitima
1298 4333 1388 4372 anntts
1402 4317 1462 4372 43¹¹!
1474 4324 1532 4374 tum

302 4403 369 4454 erat.

335 4477 362 4534 3.
384 4476 469 4544 Plut,
486 4476 563 4542 buc..
581 4477 611 4540 1;
630 4473 699 4541 Cic,
715 4476 761 4531 Ad
773 4477 847 4538 Art,
864 4473 885 4538 1,
903 4491 959 4540 xix,
981 4475 1023 4533 10.

336 4557 362 4613 l.
383 4559 436 4614 Pro
451 4559 567 4624 Archia,
585 4555 632 4623 lV,
643 4555 670 4613 6.
690 4555 774 4611 Fuere
788 4554 835 4626 qui
850 4570 899 4628 pro
914 4554 1033 4610 Siciliam
1049 4555 1175 4614 Ciliciam
1188 4555 1305 4614 seribere
1318 4557 1481 4617 maluerunt.

335 4640 361 4696 5.
383 4636 451 4705 Cic,
473 4637 528 4693 Ad.
554 4638 625 4699 Art,
651 4636 673 4701 l,
695 4636 822 4705 xrr,10:
847 4650 902 4690 non
924 4634 1014 4691 dicam
1035 4637 1109 4708 quod
1130 4637 1192 4707 teet,
1207 4645 1240 4693 ut
1258 4641 1368 4712 opinor,
1383 4641 1532 4698 Panhormi

301 4717 432 4773 Lucullus
446 4719 481 4772 de
493 4721 552 4774 sets
567 4718 691 4772 historiis
705 4717 850 4774 diceret...

335 4798 363 4854 6.
383 4797 486 4872 Nepos,
506 4799 630 4867 Atticus,
647 4797 663 4852 l
679 4797 712 4851 ad
730 4795 779 4852 lin.
