3830 5786
986 547 1161 614 ..ffi-

458 726 593 808 tempus
614 739 726 808 noque
742 716 853 786 otiose
878 737 940 785 nec
962 716 1034 786 sine
1058 716 1169 806 gloria
1185 715 1231 785 ibi
1249 717 1402 809 peregit3
1426 739 1518 786 ,anno
1543 718 1682 787 demum

457 834 522 902 b'll
538 842 696 918 exeunte,
721 833 763 901 ad
791 831 1000 902 aedilitatem
1019 830 1172 902 curulem
1195 855 1274 902 cum
1300 833 1404 902 fratre
1420 833 1680 925 capessendam,

457 949 617 1035 Romam,
634 947 763 1018 Archia
776 957 894 1017 nostro
909 947 1108 1034 comitante,
1121 970 1280 1018 reversus
1295 963 1348 1017 est
1364 955 1386 1017 ¹.

500 1199 593 1270 XVI.
619 1197 772 1268 Proximi
801 1198 882 1268 anni
905 1197 1050 1267 Lucullo
1074 1207 1283 1291 praeturam,
1309 1197 1535 1289 provinciam,
1558 1221 1680 1270 consu·

455 1317 563 1384 latum
587 1314 752 1386 continuo
775 1314 976 1387 attulerunt.
1004 1313 1094 1398 Quid
1121 1313 1266 1388 Archias
1289 1315 1355 1384 bac
1373 1323 1575 1408 tempestate
1600 1337 1679 1408 ges-

454 1431 549 1516 serit,
566 1442 681 1502 utrum
714 1441 897 1524 patronum
912 1431 957 1500 sit
975 1430 1159 1502 comitatus
1176 1454 1221 1501 an
1237 1432 1367 1501 Romae
1382 1431 1562 1518 manserit,
1578 1431 1679 1524 plane

454 1545 666 1636 ignoramus.
693 1548 797 1617 Anno
827 1558 943 1618 autem
970 1549 1031 1619 681
1046 1546 1070 1628 ’,
1099 1547 1246 1619 Lucullo
1282 1571 1325 1618 ex
1352 1548 1533 1618 consulatu
1558 1547 1680 1618 Cilicia

454 1663 630 1755 provincia
662 1686 701 1734 ac
724 1663 853 1734 bellum
884 1663 1154 1734 Mithridaticum
1184 1664 1397 1757 obtigerunt,
1425 1664 1616 1755 iterumque
1641 1663 1678 1732 in

450 1781 528 1869 ejus
542 1780 718 1850 cohortem
735 1780 894 1850 nonnulli
912 1779 1033 1850 Graeci
1060 1781 1231 1867 homines,
1257 1780 1403 1850 Archias
1417 1777 1674 1865 Antiochensis,

451 1895 643 1966 Antiochus
659 1897 869 1980 Ascalonita,
886 1897 1099 1991 Eupolemus
1116 1896 1347 1982 Calactinus⁸,
1365 1907 1403 1965 ut
1416 1896 1457 1965 de
1474 1895 1676 1966 Menedemo

451 2012 659 2083 cubiculario
685 2024 813 2083 taceam
830 2016 855 2098 ⁸,
880 2014 1057 2107 aggregati
1079 2021 1173 2082 sunt.
1198 2014 1250 2081 Ex
1271 2012 1326 2081 his
1347 2012 1553 2095 Antiochus,
1571 2013 1675 2105 paulo

449 2137 528 2218 post
549 2129 718 2219 proelium
739 2129 784 2199 ad
811 2130 1056 2222 Tigranocerta
1072 2138 1281 2212 consertum,
1301 2129 1358 2198 cui
1381 2129 1453 2221 ipse
1476 2127 1674 2198 interfuisse

448 2243 595 2331 videtur,
621 2246 657 2314 in
685 2245 786 2337 Syria
803 2246 1000 2330 decessit¹3
1024 2245 1169 2316 Archias
1194 2244 1238 2314 ad
1262 2245 1371 2314 imum
1396 2243 1532 2314 duravit
1555 2253 1590 2313 ct
1616 2264 1674 2313 au-

449 2359 565 2451 spiciis
583 2383 623 2432 ac
638 2361 743 2431 ductu
757 2362 892 2432 Luculli
909 2363 952 2432 ad
966 2371 1126 2436 octavum
1146 2361 1217 2430 lere
1232 2381 1363 2430 annum

646 2542 747 2606 Mores
761 2543 918 2606 hominum
932 2541 1099 2605 multorom
1113 2541 1192 2605 cidit
1207 2553 1237 2604 ct
1252 2533 1350 2616 urbes,

447 2712 617 2806 siquidem
633 2713 826 2806 provincias
836 2715 967 2798 Asiam,
984 2713 1197 2804 Bithyniam,
1211 2714 1393 2798 Galatiam,
1411 2713 1572 2798 Pontum,
1584 2717 1670 2809 Cap-

444 2829 636 2920 padociam,
654 2830 868 2913 Armeniam,
897 2829 1181 2922 Mesopotamiam
1205 2829 1379 2900 continuis
1397 2829 1575 2899 itineribus
1590 2855 1671 2923 per-¹

444 2941 588 3035 agravit,
607 2943 668 3013 ubi
680 2953 860 3013 terrestres
875 2966 915 3012 ac
929 2943 1121 3012 maritimas
1136 2965 1285 3035 pugnas,
1310 2943 1446 3015 urbium
1472 2943 1668 3014 obsidiones

445 3081 484 3128 ac
513 3060 748 3144 liberationes,
776 3060 959 3129 fluviorum
989 3059 1228 3152 montiumque
1259 3060 1459 3150 ignotorum
1489 3061 1667 3145 transitus,

444 3177 616 3245 solemnes
632 3176 839 3269 populorum
862 3177 1003 3266 gratias,
1022 3176 1123 3268 iuges
1147 3198 1268 3267 regum
1294 3186 1328 3246 et
1350 3175 1555 3267 legationes,
1583 3176 1669 3245 nihil

443 3291 604 3383 denique,
619 3315 663 3363 ne
679 3293 828 3362 militum
840 3292 981 3384 quidem
996 3291 1170 3362 licentiam
1190 3313 1230 3361 ac
1247 3291 1445 3380 seditiones,
1465 3317 1536 3362 non
1548 3316 1669 3386 exper-

442 3417 498 3476 tus
531 3417 600 3494 est,
633 3409 782 3501 amplam
806 3408 946 3477 heroico
973 3407 1128 3490 carmini,
1158 3407 1251 3501 quod
1276 3409 1349 3498 jam
1373 3417 1456 3479 tuuc
1480 3409 1597 3479 nescio
1625 3431 1668 3478 an

441 3534 555 3593 mente
585 3525 791 3618 conceperit,
823 3523 1015 3594 materiem.
1046 3526 1146 3594 Anno
1170 3526 1235 3594 688
1261 3523 1414 3610 ineunte,
1447 3525 1503 3594 lex
1529 3524 1670 3594 Manilia

442 3640 639 3733 imperatori
665 3641 818 3710 inrisum
839 3662 1087 3725 successorem,
1113 3650 1235 3730 poetae
1264 3638 1422 3708 laborum
1446 3663 1668 3733 errorumque

442 3767 640 3848 exoptatum
667 3758 771 3826 finem
787 3757 912 3826 attulit.
933 3756 1056 3826 Statim
1072 3755 1239 3825 Lucullus
1266 3755 1303 3825 in
1333 3755 1470 3825 ltaliam
1492 3780 1664 3842 reversus,

441 3895 513 3941 xxx
535 3873 656 3942 diebus
673 3873 797 3966 quibus
815 3872 964 3942 rationes
987 3872 1167 3941 rettulerat
1179 3872 1243 3963 (sic
1258 3873 1314 3940 lex
1331 3870 1487 3965 jubebat)
1502 3873 1665 3944 Archiam

441 3990 533 4059 inter
551 3999 682 4058 ceteros
713 3989 975 4060 contubernales
992 3987 1027 4056 in
1045 3986 1221 4058 beneficiis
1245 3988 1289 4057 ad
1310 3987 1481 4057 aerarium
1505 3988 1663 4077 detulit⁶,

477 4208 502 4262 l.
523 4204 639 4273 Plinius,
655 4207 728 4265 Htst.
744 4213 817 4272 not,
835 4206 907 4270 Vlll,
924 4223 971 4276 nn,
987 4205 1020 4260 19
1034 4204 1134 4275 (lan).

474 4287 501 4344 2.
523 4285 563 4342 De
582 4285 750 4358 temporibus
765 4287 830 4344 belli
853 4284 1028 4344 Mithridatici
1043 4283 1129 4352 tertii,
1148 4284 1207 4340 ride
1222 4301 1291 4358 quac
1307 4283 1442 4358 disputari
1464 4283 1491 4340 iu
1507 4283 1665 4342 Mithridate

441 4367 588 4437 Eupatore,
599 4384 627 4440 p.
644 4367 706 4422 320.

474 4447 502 4501 3.
522 4445 591 4514 Cic,
612 4447 847 4518 Verr.,1v,xx11,
863 4451 906 4507 te.

475 4527 501 4582 l.
522 4526 606 4595 Plut,
622 4529 700 4593 Luc..
717 4529 761 4584 16.
920 4597 923 4601 ,

474 4608 501 4666 5.
522 4605 591 4676 Cic,
604 4608 809 4680 Acampseon,
827 4609 862 4677 ll,
877 4611 987 4677 x1x‚dl.

473 4688 501 4744 6.
520 4689 574 4744 Pro
588 4687 704 4758 Archia,
721 4689 767 4759 tv,
785 4691 815 4745 ll
834 4691 882 4748 ttn.
899 4692 939 4748 Da
953 4709 1009 4747 xxx
1024 4689 1131 4759 diebus,
1149 4689 1212 4746 vide
1228 4687 1375 4757 Adsum..
1392 4689 1426 4762 V,
1443 4705 1491 4760 xx,
1503 4689 1531 4748 7.
