3830 5786
905 596 993 662 „g
1016 634 1060 650 .-

368 771 608 845 conviviorum
630 768 788 842 stolidam
807 766 1100 860 magnificentiam
1113 769 1136 854 ¹,
1154 775 1213 835 aut
1227 766 1418 836 medicinae
1436 761 1593 834 difficiles

361 906 478 976 ,nugas
488 883 510 954 ¹.

412 1107 454 1181 V.
482 1107 569 1184 (lum
592 1106 699 1200 igitur
718 1106 924 1176 Antiochiae
941 1110 1015 1200 Jam
1029 1109 1125 1178 nulla
1148 1118 1239 1178 esset
1254 1108 1378 1178 studiis
1394 1107 1592 1179 liberalibus

370 1223 550 1304 securitas,
569 1243 668 1291 rarue
682 1221 832 1313 ingeniis
846 1221 971 1307 honos,
986 1223 1165 1293 constituit
1182 1223 1341 1309 Archiae,
1360 1245 1462 1316 quam
1482 1223 1591 1292 fortu-

367 1360 448 1407 nam
470 1336 564 1406 domi
586 1337 715 1406 frustra
729 1337 1010 1429 exspectavisset‚
1028 1338 1111 1408 ioris
1130 1362 1305 1432 quaerere.
1324 1341 1443 1411 Solum
1458 1351 1592 1410 mutare

369 1454 467 1546 Syris
490 1453 703 1539 hominibus,
728 1452 934 1543 praesertim
962 1453 1084 1544 doctis,
1113 1479 1289 1550 nunquam
1313 1479 1418 1548 grave
1449 1457 1588 1527 visum:

368 1579 472 1638 testas
503 1570 683 1662 Antipater
716 1567 891 1654 Sidonius,
926 1570 1135 1641 Posidonius
1167 1573 1386 1665 Apamensis,
1421 1573 1594 1662 Meleager
1693 1616 1697 1628 .

368 1685 651 1772 Palaestinensis‚
670 1685 861 1754 Antiochus
881 1686 1092 1770 Ascalonita,
1111 1711 1193 1758 mox
1212 1689 1381 1759 Publilius
1397 1690 1503 1782 Syrus
1520 1689 1592 1760 Ma·

367 1800 541 1893 niliueque
555 1799 746 1870 Antiochus
762 1811 796 1870 et
806 1811 855 1871 tot
870 1800 939 1870 alia
954 1800 1110 1894 ejusdem
1127 1804 1234 1873 seculi
1249 1804 1401 1896 ingenia,
1415 1827 1501 1897 quae
1516 1826 1592 1896 pro·

367 1917 423 1987 cul
445 1938 466 1986 a
485 1917 596 2008 patria
621 1918 714 1987 diem
741 1940 942 2010 supremum
972 1918 1142 1991 obierunt.
1168 1921 1219 1990 Ne
1242 1919 1435 1990 errabunda
1452 1917 1592 2013 quidem

367 2033 451 2116 vita,
488 2056 591 2126 quam
633 2042 711 2106 aldrov
747 2044 807 2120 βίον
840 2033 1011 2104 Leonidas
1047 2036 1254 2106 Tarentinus
1287 2039 1498 2130 nuncupat³,
1535 2039 1591 2106 isti

368 2149 547 2218 hominum
571 2151 689 2240 generi
711 2149 897 2220 admodum
916 2151 1082 2244 displicet,
1100 2163 1222 2244 utpote
1247 2154 1442 2223 etiamnunc
1462 2154 1590 2247 aliquid

368 2265 446 2356 vagi
463 2288 483 2334 a
500 2266 689 2359 maj0rihus
705 2277 883 2360 acceptum
901 2268 1075 2338 retinenti.
1095 2269 1257 2338 Ceterum
1267 2273 1342 2362 jam
1361 2291 1401 2338 eo
1425 2281 1589 2363 tempore,

368 2381 403 2449 iu
431 2381 591 2451 omnibus
623 2361 747 2452 insulis
778 2392 881 2475 atque
916 2384 987 2452 oris
1016 2384 1148 2476 Aegaei
1178 2385 1298 2470 maris,
1329 2385 1593 2457 inveniebantur

368 2507 488 2590 poetae
503 2497 695 2568 esurientes
709 2511 741 2569 et
755 2499 887 2592 veguli,
902 2523 945 2568 ex
957 2499 1101 2569 diversis
1114 2501 1278 2572 Graeciae
1293 2501 1465 2594 Asiaeque
1478 2502 1593 2592 regio-

367 2615 470 2684 nibus
495 2614 646 2699 oriundi,
676 2615 748 2708 qui,
775 2615 914 2685 sedibus
938 2615 1093 2698 incertis,
1122 2627 1224 2709 prout
1250 2617 1348 2686 favor
1371 2617 1509 2687 urbium
1534 2628 1594 2688 aut

368 2731 533 2800 feriarum
553 2729 670 2824 aliqua
694 2730 894 2800 solemnitas
914 2755 975 2802 eos
990 2731 1207 2814 sollicitabat,
1224 2733 1292 2803 hue
1311 2733 1393 2803 illuc
1416 2734 1592 2826 ingenium

368 2869 469 2919 suum
498 2855 533 2916 et
561 2869 692 2916 merces
726 2846 878 2942 poeticae
907 2848 1183 2918 transvehebant.
1216 2848 1360 2918 lllorum
1390 2850 1591 2920 memoriam

368 2964 506 3034 decreta
519 2962 692 3056 lapidibus
707 2964 818 3033 incisa
829 2964 998 3034 nonnulla
1010 2975 1246 3049 servaverunt,
1259 2965 1383 3058 quibus
1396 2965 1591 3051 laudantur,

368 3079 517 3172 exempli
537 3079 660 3169 gratia,
683 3080 880 3150 Damoteles
896 3079 1058 3165 Andrius,
1079 3080 1277 3173 Amphicles
1297 3082 1430 3166 Delius,
1453 3081 1593 3151 Ariston

368 3196 613 3283 Phocaeensis,
637 3197 766 3288 Dymas
792 3197 956 3282 Iasensis,
980 3196 1203 3267 Dioscorides
1226 3198 1419 3284 Tarsensis,
1447 3197 1594 3290 denique

370 3311 589 3404 Smyrnensis
606 3311 722 3382 nescio
747 3335 834 3406 quae
853 3314 999 3405 poetria,
1016 3313 1071 3384 cui
1095 3313 1214 3382 lrenae
1236 3335 1364 3382 nomen
1377 3313 1400 3384 ⁸.
1422 3312 1500 3398 Qui,
1518 3313 1591 3382 ubi-

369 3450 515 3520 cumque
539 3428 784 3509 consistebant,
810 3429 962 3521 poeticas
990 3429 1207 3498 recitationes
1236 3438 1270 3496 et
1298 3428 1445 3514 scholas,
1468 3449 1594 3518 magno

368 3543 927 3636 doctorum,magnoindoctorum
939 3545 1300 3615 concursuinstituere
1311 3544 1478 3628 solebant,
1490 3567 1593 3636 paea-

369 3683 445 3744 nae,
478 3660 725 3753 dithyrambos,
756 3659 892 3754 aliaque
917 3661 1062 3731 deorum
1086 3661 1314 3755 religionibus
1337 3660 1596 3732 accommodata

369 3777 492 3872 raptim
508 3799 726 3870 componere,
739 3778 833 3870 ipses
847 3777 949 3847 urbes
963 3779 1020 3847 vel
1033 3777 1185 3848 nobilem
1198 3778 1349 3871 aliquem
1362 3778 1483 3863 civem,
1495 3780 1596 3869 cujus

369 3893 520 3986 hospitio
535 3895 646 3964 ornati
661 3895 808 3996 fuerant,
826 3893 1036 3964 carminibus
1052 3894 1237 3965 celebrare.
1254 3895 1347 3966 llaec
1365 3895 1481 3965 omnia
1494 3913 1593 3986 prae·

370 4011 459 4080 senti
482 4011 593 4102 pretio
617 4010 757 4097 liehaut,
788 4033 866 4080 cum
895 4010 982 4082 aliae
1008 4011 1111 4080 urbes
1140 4016 1294 4102 προξενίαν
1322 4012 1378 4082 vel
1406 4011 1593 4094 civitatem,

371 4126 458 4197 aliae
486 4149 632 4197 coronas
661 4149 784 4197 aureas
809 4127 1001 4213 laureaeve,
1026 4129 1214 4198 nonnullae
1239 4128 1419 4219 pecuniam
1447 4125 1597 4194 muneris

407 4335 431 4391 1.
454 4333 630 4402 Posidonius,
647 4333 679 4392 ir.
695 4335 740 4402 31,
756 4335 801 4401 33,
816 4335 851 4390 36
866 4331 941 4390 bliill.

403 4416 433 4474 2.
456 4417 615 4471 Theriocom
644 4413 772 4470 Antiochi
799 4411 991 4470 Philometoris
1014 4414 1055 4481 (h.
1081 4431 1106 4470 a.
1132 4413 1243 4489 Gryph,
1271 4412 1306 4470 ab
1331 4413 1452 4471 Eudemo
1470 4411 1596 4470 versibus

371 4494 567 4570 conscriptam,
583 4495 703 4551 servavit
717 4493 848 4560 Galenus,
864 4493 1004 4565 Antidot,
1021 4494 1045 4550 ll
1058 4494 1112 4564 bie,
1127 4510 1156 4570 p.
1170 4496 1224 4552 452
1239 4493 1318 4565 (Vide
1331 4493 1366 4549 ad
1380 4495 1482 4550 calcem
1501 4497 1595 4551 Poete-

371 4593 433 4632 rum
453 4576 644 4640 bucolicorum,
658 4575 708 4630 Did
727 4621 733 4644 ,
748 4577 779 4630 ⁴2·
793 4591 867 4648 pars,
884 4591 911 4647 p.
925 4575 981 4646 93).

408 4658 436 4716 3.
457 4657 542 4713 Anth.
557 4657 632 4724 Pet,
646 4655 706 4723 Vll,
725 4657 788 4711 7¹5.

408 4739 434 4793 4.
457 4735 526 4792 Vide
540 4737 732 4811 inscriptiones
747 4737 873 4794 collectas
889 4737 916 4791 in
931 4736 1003 4794 dull.
1019 4752 1089 4792 corr.
1107 4735 1183 4805 hell,
1198 4735 1271 4805 lllll,
1286 4737 1348 4796 247.
