3830 5786
912 633 1090 702 ..25-

392 805 468 874 dem
484 803 604 895 primis
619 803 730 893 poetis
743 798 970 871 inflammatio
982 800 1151 891 quaedam
1166 801 1271 870 animi
1285 825 1347 895 pro
1361 811 1433 872 arte
1449 804 1524 891 fuit,
1539 805 1609 897 qui,

391 919 558 1013 quidquid
572 919 684 988 dicere
702 919 890 1001 tentabant,
910 917 1062 986 numeris
1077 939 1118 987 ac
1136 917 1248 987 modis
1267 919 1370 988 etiam
1385 919 1481 989 inviti
1499 921 1612 1012 expri-

390 1036 538 1106 mebant.
558 1037 658 1105 Tales
672 1035 768 1104 fuere
782 1035 872 1127 apud
890 1035 1039 1104 Graecos
1057 1044 1191 1104 veteres
1208 1037 1309 1118 ἀοιδοί,
1331 1035 1464 1106 Phemii
1485 1038 1611 1106 Demo-

390 1153 546 1244 docique,
577 1153 728 1222 Homero
755 1151 989 1244 antiquiores;
1022 1150 1102 1218 talis
1131 1151 1221 1242 apud
1248 1151 1386 1220 Italicos
1415 1153 1613 1223 fescennina

388 1269 526 1339 licentia
556 1291 644 1361 quae
677 1268 817 1338 alternis
849 1266 1007 1336 versibus
1038 1267 1218 1360 opprobrio
1254 1268 1383 1336 rustica
1413 1268 1608 1339 tundebat

387 1383 517 1453 Adulta
539 1406 621 1454 vero
647 1392 732 1466 arte,
758 1380 923 1451 teretibus
942 1379 1081 1450 auribus
1110 1388 1144 1449 et
1168 1381 1332 1451 severiori
1347 1381 1478 1473 judicio
1502 1383 1608 1452 medi-

388 1507 461 1570 tata
474 1499 615 1568 demum
633 1509 668 1568 ct
685 1499 836 1591 perlecta
848 1497 1073 1589 placuerunt;
1096 1519 1201 1590 quare
1217 1497 1308 1590 apud
1322 1498 1554 1569 Athenienses
1568 1523 1610 1570 ne

389 1637 497 1685 unum
521 1615 661 1708 quidem
684 1615 853 1684 celebrem
879 1618 1118 1704 αὖτοσχιδιωτήν
1137 1613 1239 1683 video
1261 1615 1456 1686 memorari.
1481 1615 1611 1685 Romae

389 1754 484 1816 sane,
508 1732 564 1800 vel
589 1731 702 1800 aureis
729 1731 922 1800 litterarum
949 1729 1174 1822 temporibus,
1195 1751 1265 1798 non
1290 1730 1429 1800 defuere
1459 1731 1520 1824 qui
1549 1732 1612 1801 hae

389 1848 549 1917 facultate
559 1848 802 1940 gloriarentur,
812 1847 907 1914 velut
922 1845 1064 1916 Cassius
1080 1846 1278 1930 Etruscus’,
1292 1845 1461 1916 Publilius
1473 1849 1609 1940 Syrus⁸,

389 1966 567 2034 Remmius
592 1965 754 2034 Palaemo
768 1965 791 2049 ⁸,
813 1964 883 2048 alii,
907 1973 946 2032 ut
967 1964 1008 2033 de
1032 1963 1239 2056 imperatore
1262 1966 1423 2054 Augusto
1449 1964 1608 2047 sileam⁸;

389 2083 450 2152 sed
463 2083 587 2152 horum
601 2082 784 2174 plerosque
807 2090 866 2150 aut
889 2080 981 2149 docti
1005 2079 1200 2150 deriserunt
1222 2090 1282 2149 aut
1300 2081 1462 2151 meliores
1481 2081 1611 2173 ingenii

387 2199 520 2269 fructus
536 2203 797 2268 excusaverunt.
814 2196 835 2266 J
837 2218 892 2265 am
909 2219 990 2264 vero
1006 2195 1253 2264 inclinantibus
1274 2197 1411 2281 littaris,
1431 2207 1612 2290 postquam

388 2315 424 2383 in
440 2315 554 2384 locum
569 2311 652 2381 artis
668 2310 847 2380 artificium
862 2320 896 2379 et
911 2332 973 2402 pro
989 2309 1101 2380 calore
1118 2311 1318 2381 exercitatio
1337 2313 1515 2398 successit,
1532 2324 1613 2384 tunc

387 2427 635 2521 extemporales
649 2432 689 2495 ut
704 2425 983 2510 declamatorum,
1000 2425 1049 2494 ita
1064 2434 1245 2517 poetarum
1259 2428 1356 2496 lusus
1371 2450 1490 2499 rursus
1506 2429 1613 2499 admi-

386 2545 556 2616 rationem
567 2565 706 2614 movere
721 2541 934 2634 inceperunt.
951 2540 1116 2612 Sciebant
1127 2540 1161 2609 bi
1177 2565 1300 2613 versus
1315 2566 1385 2612 non
1396 2546 1470 2634 jarn
1484 2545 1613 2614 incom-

386 2661 531 2753 positos,
549 2661 610 2729 sed
629 2681 749 2730 omnes
767 2660 867 2752 quasi
885 2660 923 2729 in
940 2660 1097 2730 eamdem
1116 2663 1265 2732 formam
1290 2662 1475 2752 conjectos,
1492 2670 1527 2728 et
1540 2681 1612 2729 rne-

386 2775 531 2847 moriam
550 2776 666 2870 potius
687 2797 789 2869 quam
811 2775 990 2868 ingenium
1008 2787 1209 2868 arguentes,
1230 2777 1266 2846 ia
1279 2775 1418 2846 circulis
1435 2775 1611 2862 exhibere,

388 2897 504 2978 etiam,
523 2893 636 2987 posits
655 2893 804 2963 invicem
825 2895 984 2978 materia,
1006 2895 1096 2964 inter
1116 2917 1152 2963 se
1171 2893 1275 2963 arctis
1299 2893 1466 2984 temporis
1485 2892 1612 2962 finibus

387 3008 607 3081 contendere.
630 3009 740 3078 Notus
762 3018 816 3079 est
838 3008 872 3078 in
901 3010 967 3079 hoe
987 3033 1114 3102 genere
1137 3008 1367 3080 Petronianus
1388 3007 1445 3078 ille
1468 3005 1612 3076 Eumol-

386 3127 487 3216 pus⁸,
500 3134 603 3195 notus
625 3125 756 3195 Lucani
778 3125 930 3218 Orpbeus
941 3137 965 3209 ',
979 3136 1061 3195 nota
1073 3125 1175 3194 Statii
1195 3125 1310 3194 inanis
1325 3123 1504 3208 ubertas⁸;
1525 3123 1612 3193 alio-

387 3263 477 3324 rum,
491 3239 609 3309 eadem
621 3239 783 3310 facultate
797 3240 1042 3334 praeditorum,
1060 3239 1186 3332 quibus
1201 3234 1438 3324 Quintilianus
1453 3238 1575 3308 alludit
1585 3247 1610 3320 ⁹,

424 3486 450 3541 1.
467 3483 574 3551 Horat,
587 3487 687 3556 Epist,
707 3485 743 3554 ll,
756 3501 776 3540 r.
793 3483 863 3552 1393
877 3483 980 3558 Livius,
996 3483 1056 3548 Vll,
1073 3501 1104 3548 u,
1118 3483 1148 3538 7.

421 3566 449 3622 2.
466 3563 572 3629 Horat..
590 3565 764 3647 Satir.,1,x‚
778 3565 874 3622 aii-71.

421 3644 449 3703 3.
464 3643 630 3710 Macrobius,
648 3647 775 3710 Satura,
791 3643 827 3712 ll,
847 3661 893 3709 vn,
908 3644 941 3700 ⁷.

422 3725 450 3778 i.
466 3721 629 3794 Suetonius,
648 3725 687 3780 De
701 3725 744 3780 itt.
760 3739 889 3794 aramue„
904 3724 950 3780 23.

420 3802 450 3859 5.
464 3801 556 3871 Suet,
569 3802 658 3874 Auo..
672 3803 717 3860 98.
735 3801 866 3859 Similiter
880 3798 934 3858 Titi
955 3801 1126 3876 imperatoris
1145 3801 1367 3876 extemporalitas
1382 3803 1508 3862 laudatur
1522 3803 1613 3874 Suet..

389 3883 457 3953 iia,
470 3883 498 3943 3.

421 3965 449 4020 6.
465 3963 596 4030 Patron„
611 3964 663 4033 903
680 3963 742 4020 12⁴.

422 4043 451 4098 7.
466 4045 571 4100 burani
589 4045 666 4112 Vita,
681 4043 717 4100 3:
740 4059 775 4100 ee
789 4043 1027 4116 ternporeOrpbea
1044 4045 1179 4116 scriptum
1199 4047 1229 4101 ia
1243 4047 1458 4118 experimentum
1481 4045 1613 4104 domus

387 4125 536 4195 complures
549 4123 676 4180 ediderat
685 4128 790 4194 poetas.

421 4205 450 4260 8.
462 4201 532 4260 Vide
553 4203 634 4260 Statii
652 4202 850 4278 praelectiones
869 4203 903 4260 ad
926 4201 1023 4260 librum
1041 4203 1053 4260 l
1074 4203 1217 4262 Siluorum
1238 4205 1379 4276 (..Gioudi
1396 4209 1541 4266 Etrusci...
1563 4209 1614 4280 qai

387 4281 573 4340 balneoluma
593 4300 635 4339 nse
650 4298 729 4340 suum
745 4286 822 4340 intra
841 4299 945 4340 moram
967 4301 1064 4340 coenae
1086 4284 1201 4356 recepit)
1219 4291 1246 4340 et
1263 4283 1361 4341 librum
1382 4285 1419 4342 lll
1439 4287 1613 4360 (...ilercuies

385 4365 601 4420 Surrentinus...
617 4379 706 4434 quem
721 4366 817 4419 statim
831 4364 1004 4432 utoiderom,
1021 4364 1063 4421 bis
1072 4365 1197 4420 ensibus
1210 4364 1348 4438 adoraui).

421 4446 449 4500 9.
465 4441 661 4512 Quintilianus,
684 4445 753 4503 litat.
779 4450 862 4510 eret,
885 4445 922 4508 X,
937 4460 984 4515 vu,
1009 4446 1066 4501 19:
1088 4447 1167 4501 Hanc
1183 4445 1348 4512 tomiitatem
1362 4462 1416 4502 noa
1438 4463 1524 4518 presa
1536 4447 1615 4504 mode

385 4525 549 4580 multisunt
570 4525 716 4594 consecuti,
739 4524 788 4580 sed
812 4526 896 4580 etiam
914 4527 1046 4592 camnine,
1067 4531 1098 4580 ut
1119 4526 1270 4596 Antipater
1289 4525 1422 4582 Sidonius
1443 4533 1469 4582 et
1487 4528 1613 4584 bicinium

387 4603 506 4684 Aretias
517 4622 528 4668 ,·
541 4603 706 4660 credendum
717 4606 789 4659 enim
798 4604 923 4661 Ciceroni
933 4612 973 4660 est
983 4624 995 4670 ,·
1004 4621 1057 4660 uon
1072 4607 1139 4676 quia
1152 4607 1254 4660 nostris
1266 4622 1372 4676 quoque
1384 4605 1547 4678 tenporibus
1558 4623 1613 4663 aaa

388 4687 415 4738 et
427 4683 545 4752 seruiat
559 4683 673 4756 quidam
687 4685 736 4740 bec
755 4689 781 4740 et
799 4685 917 4751 {micat
938 4685 1016 4754 Quod
1030 4690 1120 4742 tamen
1142 4701 1197 4740 aea
1212 4687 1306 4756 ipsura
1318 4691 1375 4742 tam
1386 4685 1532 4758 probabile
1542 4691 1613 4762 puto

388 4763 487 4836 (aeque
501 4766 567 4820 euin
580 4763 661 4819 babet
669 4769 718 4819 aut
731 4779 812 4820 urum
825 4781 869 4822 res
877 4770 928 4821 aut
941 4764 1172 4838 necessitatem)...
