3830 5786
774 639 950 706 ...49-

296 806 422 877 XVIll.
448 805 525 873 Jarn
540 805 684 874 verbum
698 827 766 874 non
782 805 928 897 amplius
950 803 1124 885 adderem,
1149 803 1213 872 nisi
1234 802 1478 874 Plutarchiaua

250 919 388 992 'Luculli
419 919 500 989 Vita
528 918 712 1010 diligenter
734 921 883 1012 perlecta
904 920 989 990 mihi
1013 945 1104 991 nova
1128 919 1283 990 subsidia
1307 917 1477 987 attulisset

251 1037 376 1130 quihus
405 1037 589 1105 instructus
612 1036 760 1107 Archiae
787 1059 925 1107 carmen
954 1038 1079 1108 melius
1102 1059 1357 1130 cognoscerem.
1377 1035 1476 1118 Quod

253 1175 345 1224 nunc
363 1153 495 1246 paucis,
517 1153 676 1221 ultimum
700 1175 764 1222 nec
782 1154 964 1222 minimum
991 1176 1129 1239 munus,
1147 1175 1328 1247 exponam.
1348 1152 1476 1221 Rhetor

256 1269 520 1354 Chaeronensis,
545 1269 582 1337 in
608 1269 807 1338 enarrandis
829 1269 965 1338 Luculli
989 1271 1110 1362 gestis,
1136 1274 1234 1364 eujus
1258 1269 1475 1363 potissimum

255 1385 404 1456 auctoris
428 1386 530 1455 fidem
557 1395 695 1454 secutus
718 1385 774 1470 sit,
796 1388 869 1477 jam
892 1386 1059 1454 uulla'est
1083 1386 1171 1456 inter
1197 1388 1315 1456 doctos
1339 1394 1475 1456 contro·

253 1501 368 1571 versia
386 1523 395 1570 ε
416 1500 581 1572 Sallustio
601 1502 695 1570 velut
714 1501 793 1571 duci
810 1523 846 1570 se
864 1502 1014 1587 tradidit,
1034 1526 1102 1595 quo
1127 1503 1280 1594 alioquin
1297 1504 1476 1571 certiorem

254 1618 395 1687 tectisve
412 1616 606 1710 propiorem
619 1627 794 1686 auctorem
804 1618 933 1686 frustra
947 1619 1186 1711 quaesivisset.
1202 1620 1276 1687 Hoc
1290 1639 1359 1686 non
1374 1615 1476 1685 modo

258 1743 426 1803 testantur
456 1734 523 1802 dno
551 1732 618 1802 loci
644 1733 680 1801 in
707 1733 832 1824 quihus
863 1735 1069 1803 Plutarchus
1093 1734 1294 1805 Sallustium
1324 1732 1479 1802 nomina-

256 1849 317 1918 tim
342 1850 473 1935 allart¹,
500 1849 561 1918 sed
584 1849 694 1918 multo
719 1851 831 1941 magis
854 1851 953 1943 plura
976 1849 1205 1920 Historiarum
1229 1850 1433 1942 fragmenta,
1459 1870 1479 1916 a

256 1966 488 2058 grammaticis
519 1977 666 2052 servata,
696 1989 783 2060 quae
818 1968 1045 2036 arctissimam
1079 1965 1341 2048 sententiarum,
1372 1965 1479 2034 immo

255 2082 439 2152 verborum
467 2083 729 2174 congruentiam
756 2105 835 2152 curn
860 2083 1113 2159 Plutarchianis
1143 2082 1343 2152 exhihent¹.
1380 2082 1479 2150 Nunc

256 2222 337 2269 vero
366 2198 563 2287 Sallustius,
592 2198 816 2292 gravissimus
845 2222 960 2268 rerum
988 2198 1132 2292 scriptor
1160 2209 1194 2267 et
1221 2198 1478 2290 Thucydideam

256 2315 358 2386 lidern
375 2315 566 2385 aemulatus
578 2317 602 2402 ²,
619 2315 774 2409 prodigia
788 2326 823 2384 et
837 2315 1017 2386 mendacia
1034 2315 1158 2409 quihus
1175 2325 1309 2384 veteres
1324 2313 1479 2384 historici

256 2433 457 2526 plerumque
485 2454 540 2501 res
563 2441 717 2501 narratas
743 2455 924 2524 aspergere
954 2432 1080 2514 solent,
1104 2454 1183 2501 curn
1206 2431 1242 2501 in
1268 2429 1421 2502 Catilina
1445 2440 1479 2498 et

255 2546 436 2640 Japurtdo,
455 2557 526 2617 tum
540 2548 576 2616 in
592 2547 750 2616 Historiis
764 2549 903 2618 omuino
918 2548 1081 2618 vitavisse
1098 2548 1243 2618 videtur.
1257 2547 1384 2616 Contra
1400 2546 1477 2615 Plu-

256 2664 394 2734 tarchus
412 2663 448 2732 in
469 2662 612 2734 Lucullo
631 2664 716 2734 adeo
736 2663 915 2756 portentis,
939 2665 1095 2750 somniis,
1114 2664 1257 2733 deorum
1279 2662 1480 2755 praesentiis

258 2779 414 2872 indulget
437 2788 475 2848 ut
496 2779 555 2848 vix
579 2780 672 2849 aliud
695 2780 770 2870 ejus
795 2779 960 2872 scriptum
984 2781 1110 2850 talibus
1137 2779 1350 2850 ornamentis
1373 2799 1481 2870 aeque

257 2896 422 2966 refertum
446 2894 502 2968 sit.
526 2896 649 2966 Statim
672 2896 765 2965 enim
785 2895 827 2965 ah
852 2895 951 2965 initio
975 2896 1071 2983 halli,
1094 2897 1264 2967 exercitus
1288 2893 1425 2966 Luculli
1449 2903 1483 2963 et

258 3011 464 3082 Mithridatis
474 3015 619 3107 jamjam
634 3013 865 3096 condicturus,
881 3035 950 3081 non
968 3012 1092 3082 ducum
1108 3012 1301 3105 prudentia,
1317 3012 1378 3081 sed
1395 3010 1483 3101 lapis

258 3123 382 3219 igneus
402 3150 422 3197 a
440 3128 535 3198 caelo
553 3127 727 3220 delapsus,
753 3127 861 3198 lentur
878 3127 1057 3198 diremisse
1068 3129 1092 3198 ⁶.
1118 3129 1197 3197 Mox
1214 3128 1373 3220 Cyzicum
1390 3126 1481 3197 ohsi-

260 3243 359 3313 dente
385 3243 592 3329 Mithridate,
618 3243 681 3312 hos
704 3244 805 3336 nigra
830 3243 1055 3337 Proserpinae
1080 3244 1259 3325 destinata,
1288 3265 1375 3334 quac
1404 3264 1482 3311 cum

259 3359 401 3452 reliquis
425 3359 551 3429 civium
578 3360 745 3428 armentis
770 3359 806 3428 in
833 3359 992 3452 opposito
1022 3359 1138 3428 littore
1165 3358 1332 3442 alebatur,
1358 3358 1482 3426 fretum

259 3475 405 3546 solemni
423 3476 477 3545 die
493 3476 685 3545 transvisse
702 3474 827 3544 dicitur
842 3485 876 3543 et
892 3484 1011 3566 sponte
1029 3473 1160 3542 aderas
1178 3497 1214 3542 se
1229 3473 1484 3565 percutiendam

260 3590 461 3660 obtulisset
487 3590 559 3661 Nec
584 3590 692 3660 multo
716 3601 806 3683 post,
830 3590 1063 3682 Aristagorae,
1092 3590 1240 3659 civitatis
1264 3589 1394 3658 scribae
1420 3609 1483 3680 pu·

262 3705 365 3792 blica,
380 3706 444 3776 dea
460 3729 520 3797 per
539 3727 677 3776 somnos
695 3706 769 3775 visa
785 3716 848 3789 est,
867 3706 983 3775 dicens
997 3705 1156 3774 adversas
1171 3705 1347 3774 Ponticam
1362 3704 1483 3772 tudici-

264 3843 341 3892 nem
355 3845 389 3892 se
406 3821 571 3915 Libycam
587 3822 771 3891 tubicinant
786 3822 1047 3915 comparavisse3
1068 3844 1153 3915 quas
1169 3821 1351 3890 verborum
1367 3819 1484 3890 amha-

263 3959 325 4028 ges
340 3949 477 4032 postero
493 3939 548 4008 die
563 3937 686 4028 ingens
701 3939 851 4030 procella
871 3939 1065 4030 explicavit,
1086 3961 1154 4031 qua
1173 3936 1289 4028 regiae
1305 3936 1484 4006 machinae

263 4054 427 4148 disjectae
451 4064 542 4125 sunt.
569 4053 697 4124 lisdem
721 4054 854 4139 diebus,
873 4053 1028 4124 Minerva
1050 4053 1173 4125 sudore
1195 4075 1353 4137 manans,
1371 4053 1485 4121 lacero

265 4171 383 4263 pallio,
411 4169 595 4240 Iliensibus
622 4169 780 4264 apparuit
808 4170 906 4262 quasi
935 4193 1055 4240 recens
1081 4169 1123 4240 eh
1152 4169 1281 4238 auxilio
1311 4167 1486 4261 Cyzicenis

297 4372 326 4504 i.
342 4367 711 4522 1illicite’qiihiiiidhis313dsius
726 4449 862 4522 disputavi
881 4447 907 4504 in
919 4445 1076 4522 appendice
1090 4447 1260 4506 Mithridatis
1278 4448 1438 4520 Eupatoria.

296 4529 323 4590 3.
339 4529 408 4589 Vell.
423 4529 496 4596 Pet,
513 4529 657 4602 11,jxxxv1‚
671 4531 699 4586 2.

297 4609 323 4665 l.
338 4609 425 4678 Plut,
438 4611 518 4677 Lac,
532 4611 559 4666 8.

298 4688 528 4828 5ἑιΡ1ῗῑΞ5ίιισἾ
544 4690 587 4749 10.
604 4689 644 4746 Ex
656 4690 802 4750 Plutarcho
818 4687 884 4746 illud
899 4689 1053 4764 prodigium
1068 4689 1150 4781 hahet
1161 4689 1338 4766 Porphyrius,
1352 4693 1390 4748 lle
1404 4691 1490 4748 obsti·

260 4786 364 4839 aeneo,
393 4813 401 4836 ,
454 4811 461 4826 .
1186 4807 1188 4811 ,

1309 4898 1330 4960 4
