<?xml version="1.0" encoding="UTF-8"?>
<!DOCTYPE html PUBLIC "-//W3C//DTD XHTML 1.0 Transitional//EN"
    "http://www.w3.org/TR/xhtml1/DTD/xhtml1-transitional.dtd">
<html xmlns="http://www.w3.org/1999/xhtml" xml:lang="en" lang="en">
 <head>
  <title>
</title>
<meta http-equiv="Content-Type" content="text/html;charset=utf-8" />
  <meta name='ocr-system' content='tesseract 3.04.00' />
  <meta name='ocr-capabilities' content='ocr_page ocr_carea ocr_par ocr_line ocrx_word'/>
</head>
<body>
  <div class='ocr_page' id='page_1' title='image "./diearchiapoetat00reingoog_0052.png"; bbox 0 0 3830 5786; ppageno 0'>
   <div class='ocr_carea' id='block_1_1' title="bbox 755 645 932 712">
    <p class='ocr_par' dir='ltr' id='par_1_1' title="bbox 755 645 932 712">
     <span class='ocr_line' id='line_1_1' title="bbox 755 645 932 712; baseline 0.011 -16"><span class='ocrx_word' id='word_1_1' title='bbox 755 645 932 712; x_wconf 74' lang='lat'><strong>..3¹1-</strong></span> 
     </span>
    </p>
   </div>
   <div class='ocr_carea' id='block_1_2' title="bbox 232 811 1459 2182">
    <p class='ocr_par' dir='ltr' id='par_1_2' title="bbox 232 811 1459 2182">
     <span class='ocr_line' id='line_1_2' title="bbox 233 811 1457 908; baseline -0.004 -22"><span class='ocrx_word' id='word_1_2' title='bbox 233 836 310 886; x_wconf 87' lang='lat' dir='ltr'><strong>reae</strong></span> <span class='ocrx_word' id='word_1_3' title='bbox 327 822 494 908; x_wconf 90' lang='lat' dir='ltr'><strong>ponentes</strong></span> <span class='ocrx_word' id='word_1_4' title='bbox 506 813 529 880; x_wconf 92' lang='lat'><strong>¹.</strong></span> <span class='ocrx_word' id='word_1_5' title='bbox 550 812 597 884; x_wconf 90' lang='lat' dir='ltr'><strong>Ut</strong></span> <span class='ocrx_word' id='word_1_6' title='bbox 611 811 655 881; x_wconf 90' lang='lat' dir='ltr'><strong>ad</strong></span> <span class='ocrx_word' id='word_1_7' title='bbox 667 813 831 884; x_wconf 77' lang='lat' dir='ltr'>Archiam</span> <span class='ocrx_word' id='word_1_8' title='bbox 845 824 997 884; x_wconf 87' lang='lat' dir='ltr'><strong>revertar</strong></span> <span class='ocrx_word' id='word_1_9' title='bbox 1015 836 1083 883; x_wconf 93' lang='lat' dir='ltr'><strong>neu</strong></span> <span class='ocrx_word' id='word_1_10' title='bbox 1098 813 1226 904; x_wconf 87' lang='lat' dir='ltr'><strong>longus</strong></span> <span class='ocrx_word' id='word_1_11' title='bbox 1246 813 1324 898; x_wconf 91' lang='lat' dir='ltr'><strong>sim,</strong></span> <span class='ocrx_word' id='word_1_12' title='bbox 1344 812 1457 905; x_wconf 88' lang='lat' dir='ltr'><strong>possis</strong></span> 
     </span>
     <span class='ocr_line' id='line_1_3' title="bbox 233 928 1459 1022; baseline -0.002 -22"><span class='ocrx_word' id='word_1_13' title='bbox 233 931 270 1001; x_wconf 88' lang='lat' dir='ltr'><strong>iu</strong></span> <span class='ocrx_word' id='word_1_14' title='bbox 283 928 407 1002; x_wconf 88' lang='lat' dir='ltr'><strong>ceteris</strong></span> <span class='ocrx_word' id='word_1_15' title='bbox 422 929 709 1022; x_wconf 72' lang='lat' dir='ltr'><strong>epigrammatum</strong></span> <span class='ocrx_word' id='word_1_16' title='bbox 727 929 895 1022; x_wconf 78' lang='lat' dir='ltr'><strong>capitibus</strong></span> <span class='ocrx_word' id='word_1_17' title='bbox 915 931 1070 1001; x_wconf 87' lang='lat' dir='ltr'><strong>eamdem</strong></span> <span class='ocrx_word' id='word_1_18' title='bbox 1087 930 1332 1022; x_wconf 88' lang='lat' dir='ltr'><strong>sempiternam</strong></span> <span class='ocrx_word' id='word_1_19' title='bbox 1347 929 1459 998; x_wconf 87' lang='lat' dir='ltr'><strong>imita·</strong></span> 
     </span>
     <span class='ocr_line' id='line_1_4' title="bbox 232 1044 1456 1139; baseline 0.002 -25"><span class='ocrx_word' id='word_1_20' title='bbox 232 1045 364 1116; x_wconf 90' lang='lat' dir='ltr'><strong>tionem</strong></span> <span class='ocrx_word' id='word_1_21' title='bbox 392 1066 592 1137; x_wconf 81' lang='lat' dir='ltr'>agnoscere.</span> <span class='ocrx_word' id='word_1_22' title='bbox 621 1044 721 1127; x_wconf 85' lang='lat' dir='ltr'><strong>Quod</strong></span> <span class='ocrx_word' id='word_1_23' title='bbox 748 1046 879 1136; x_wconf 82' lang='lat' dir='ltr'>Apellis</span> <span class='ocrx_word' id='word_1_24' title='bbox 905 1046 1078 1117; x_wconf 85' lang='lat' dir='ltr'><strong>Venerem</strong></span> <span class='ocrx_word' id='word_1_25' title='bbox 1090 1047 1112 1131; x_wconf 82' lang='lat'><strong>’‚</strong></span> <span class='ocrx_word' id='word_1_26' title='bbox 1130 1047 1222 1139; x_wconf 91' lang='lat' dir='ltr'><strong>quod</strong></span> <span class='ocrx_word' id='word_1_27' title='bbox 1242 1047 1456 1118; x_wconf 79' lang='lat' dir='ltr'><strong>Timomachi</strong></span> 
     </span>
     <span class='ocr_line' id='line_1_5' title="bbox 232 1151 1455 1255; baseline 0.002 -25"><span class='ocrx_word' id='word_1_28' title='bbox 232 1160 408 1254; x_wconf 86' lang='lat' dir='ltr'><strong>Ajacam⁸,</strong></span> <span class='ocrx_word' id='word_1_29' title='bbox 437 1158 679 1229; x_wconf 84' lang='lat' dir='ltr'><strong>celeberrimas</strong></span> <span class='ocrx_word' id='word_1_30' title='bbox 702 1160 849 1246; x_wconf 88' lang='lat' dir='ltr'><strong>tabulas,</strong></span> <span class='ocrx_word' id='word_1_31' title='bbox 874 1161 1002 1253; x_wconf 83' lang='lat' dir='ltr'><strong>publici</strong></span> <span class='ocrx_word' id='word_1_32' title='bbox 1020 1161 1111 1255; x_wconf 89' lang='lat' dir='ltr'><strong>juris</strong></span> <span class='ocrx_word' id='word_1_33' title='bbox 1137 1151 1352 1252; x_wconf 83' lang='lat' dir='ltr'><strong>argumenta,</strong></span> <span class='ocrx_word' id='word_1_34' title='bbox 1377 1174 1455 1253; x_wconf 89' lang='lat' dir='ltr'><strong>post</strong></span> 
     </span>
     <span class='ocr_line' id='line_1_6' title="bbox 232 1275 1456 1369; baseline 0.002 -22"><span class='ocrx_word' id='word_1_35' title='bbox 232 1277 360 1347; x_wconf 92' lang='lat' dir='ltr'><strong>multos</strong></span> <span class='ocrx_word' id='word_1_36' title='bbox 378 1275 513 1358; x_wconf 88' lang='lat' dir='ltr'><strong>cecinit,</strong></span> <span class='ocrx_word' id='word_1_37' title='bbox 533 1297 616 1345; x_wconf 88' lang='lat' dir='ltr'><strong>sane</strong></span> <span class='ocrx_word' id='word_1_38' title='bbox 635 1287 753 1345; x_wconf 91' lang='lat' dir='ltr'><strong>nostro</strong></span> <span class='ocrx_word' id='word_1_39' title='bbox 769 1276 1038 1363; x_wconf 84' lang='lat' dir='ltr'><strong>concedendum,</strong></span> <span class='ocrx_word' id='word_1_40' title='bbox 1055 1277 1256 1369; x_wconf 89' lang='lat' dir='ltr'><strong>praesertim</strong></span> <span class='ocrx_word' id='word_1_41' title='bbox 1273 1300 1353 1347; x_wconf 90' lang='lat' dir='ltr'><strong>cum</strong></span> <span class='ocrx_word' id='word_1_42' title='bbox 1364 1280 1456 1349; x_wconf 92' lang='lat' dir='ltr'><strong>hunc</strong></span> 
     </span>
     <span class='ocr_line' id='line_1_7' title="bbox 234 1391 1457 1487; baseline 0.002 -24"><span class='ocrx_word' id='word_1_43' title='bbox 234 1391 360 1484; x_wconf 79' lang='lat' dir='ltr'><strong>Cyzici,</strong></span> <span class='ocrx_word' id='word_1_44' title='bbox 379 1391 472 1461; x_wconf 92' lang='lat' dir='ltr'><strong>illam</strong></span> <span class='ocrx_word' id='word_1_45' title='bbox 491 1391 655 1461; x_wconf 90' lang='lat' dir='ltr'><strong>ininsula</strong></span> <span class='ocrx_word' id='word_1_46' title='bbox 677 1392 746 1463; x_wconf 89' lang='lat' dir='ltr'><strong>Coo</strong></span> <span class='ocrx_word' id='word_1_47' title='bbox 765 1393 914 1485; x_wconf 90' lang='lat' dir='ltr'><strong>potuerit</strong></span> <span class='ocrx_word' id='word_1_48' title='bbox 932 1393 1005 1485; x_wconf 87' lang='lat' dir='ltr'><strong>ipsc</strong></span> <span class='ocrx_word' id='word_1_49' title='bbox 1022 1394 1148 1464; x_wconf 90' lang='lat' dir='ltr'><strong>videre.</strong></span> <span class='ocrx_word' id='word_1_50' title='bbox 1167 1395 1235 1464; x_wconf 88' lang='lat' dir='ltr'><strong>Sed</strong></span> <span class='ocrx_word' id='word_1_51' title='bbox 1250 1413 1417 1487; x_wconf 79' lang='lat' dir='ltr'><strong>quorsum</strong></span> <span class='ocrx_word' id='word_1_52' title='bbox 1436 1417 1457 1465; x_wconf 97' lang='lat' dir='ltr'><strong>a</strong></span> 
     </span>
     <span class='ocr_line' id='line_1_8' title="bbox 232 1508 1456 1602; baseline 0.002 -24"><span class='ocrx_word' id='word_1_53' title='bbox 232 1509 377 1578; x_wconf 89' lang='lat' dir='ltr'><strong>Platone</strong></span> <span class='ocrx_word' id='word_1_54' title='bbox 403 1509 537 1578; x_wconf 88' lang='lat' dir='ltr'><strong>iuratus</strong></span> <span class='ocrx_word' id='word_1_55' title='bbox 566 1517 619 1577; x_wconf 90' lang='lat' dir='ltr'><strong>est</strong></span> <span class='ocrx_word' id='word_1_56' title='bbox 642 1511 746 1578; x_wconf 81' lang='lat' dir='ltr'><strong>Boves</strong></span> <span class='ocrx_word' id='word_1_57' title='bbox 769 1508 806 1576; x_wconf 86' lang='lat' dir='ltr'><strong>in</strong></span> <span class='ocrx_word' id='word_1_58' title='bbox 822 1508 964 1602; x_wconf 82' lang='lat' dir='ltr'><strong>jaspide</strong></span> <span class='ocrx_word' id='word_1_59' title='bbox 990 1510 1189 1602; x_wconf 63' lang='lat' dir='ltr'><strong>scalptam?</strong></span> <span class='ocrx_word' id='word_1_60' title='bbox 1213 1511 1385 1594; x_wconf 84' lang='lat' dir='ltr'><strong>Quorsum</strong></span> <span class='ocrx_word' id='word_1_61' title='bbox 1414 1511 1456 1580; x_wconf 90' lang='lat' dir='ltr'><strong>ab</strong></span> 
     </span>
     <span class='ocr_line' id='line_1_9' title="bbox 232 1622 1457 1719; baseline -0.001 -24"><span class='ocrx_word' id='word_1_62' title='bbox 232 1625 415 1716; x_wconf 89' lang='lat' dir='ltr'><strong>Antipatro</strong></span> <span class='ocrx_word' id='word_1_63' title='bbox 440 1622 590 1693; x_wconf 83' lang='lat' dir='ltr'><strong>fabulam</strong></span> <span class='ocrx_word' id='word_1_64' title='bbox 614 1627 662 1692; x_wconf 85' lang='lat' dir='ltr'><strong>Dc</strong></span> <span class='ocrx_word' id='word_1_65' title='bbox 685 1624 819 1692; x_wconf 82' lang='lat' dir='ltr'><strong>merula</strong></span> <span class='ocrx_word' id='word_1_66' title='bbox 841 1647 881 1694; x_wconf 88' lang='lat' dir='ltr'><strong>cc</strong></span> <span class='ocrx_word' id='word_1_67' title='bbox 905 1625 1059 1695; x_wconf 78' lang='lat' dir='ltr'><strong>turdis⁵t</strong></span> <span class='ocrx_word' id='word_1_68' title='bbox 1078 1626 1150 1696; x_wconf 90' lang='lat' dir='ltr'><strong>Nec</strong></span> <span class='ocrx_word' id='word_1_69' title='bbox 1173 1624 1322 1695; x_wconf 91' lang='lat' dir='ltr'><strong>dubitari</strong></span> <span class='ocrx_word' id='word_1_70' title='bbox 1345 1637 1457 1719; x_wconf 85' lang='lat' dir='ltr'><strong>potest</strong></span> 
     </span>
     <span class='ocr_line' id='line_1_10' title="bbox 234 1737 1459 1834; baseline 0.001 -26"><span class='ocrx_word' id='word_1_71' title='bbox 234 1739 317 1832; x_wconf 91' lang='lat' dir='ltr'><strong>quin</strong></span> <span class='ocrx_word' id='word_1_72' title='bbox 335 1738 391 1808; x_wconf 91' lang='lat' dir='ltr'><strong>bic</strong></span> <span class='ocrx_word' id='word_1_73' title='bbox 411 1748 596 1831; x_wconf 88' lang='lat' dir='ltr'><strong>perpetuus</strong></span> <span class='ocrx_word' id='word_1_74' title='bbox 616 1737 769 1809; x_wconf 76' lang='lat' dir='ltr'><strong>imitator</strong></span> <span class='ocrx_word' id='word_1_75' title='bbox 790 1741 844 1830; x_wconf 92' lang='lat' dir='ltr'><strong>(ne</strong></span> <span class='ocrx_word' id='word_1_76' title='bbox 867 1740 976 1812; x_wconf 88' lang='lat' dir='ltr'><strong>dicam</strong></span> <span class='ocrx_word' id='word_1_77' title='bbox 997 1741 1231 1833; x_wconf 83' lang='lat' dir='ltr'><strong>plagiarium),</strong></span> <span class='ocrx_word' id='word_1_78' title='bbox 1251 1741 1307 1810; x_wconf 92' lang='lat' dir='ltr'><strong>cui</strong></span> <span class='ocrx_word' id='word_1_79' title='bbox 1324 1763 1459 1834; x_wconf 89' lang='lat' dir='ltr'><strong>semper</strong></span> 
     </span>
     <span class='ocr_line' id='line_1_11' title="bbox 234 1855 1459 1948; baseline -0.001 -22"><span class='ocrx_word' id='word_1_80' title='bbox 234 1857 362 1926; x_wconf 87' lang='lat' dir='ltr'><strong>tritaet</strong></span> <span class='ocrx_word' id='word_1_81' title='bbox 378 1855 458 1926; x_wconf 85' lang='lat' dir='ltr'><strong>ficta</strong></span> <span class='ocrx_word' id='word_1_82' title='bbox 479 1879 540 1947; x_wconf 92' lang='lat' dir='ltr'><strong>pro</strong></span> <span class='ocrx_word' id='word_1_83' title='bbox 559 1857 660 1927; x_wconf 87' lang='lat' dir='ltr'><strong>novis</strong></span> <span class='ocrx_word' id='word_1_84' title='bbox 681 1876 719 1926; x_wconf 86' lang='lat' dir='ltr'><strong>ae</strong></span> <span class='ocrx_word' id='word_1_85' title='bbox 742 1856 834 1926; x_wconf 91' lang='lat' dir='ltr'><strong>veris</strong></span> <span class='ocrx_word' id='word_1_86' title='bbox 855 1856 1071 1948; x_wconf 87' lang='lat' dir='ltr'><strong>placuerunt,</strong></span> <span class='ocrx_word' id='word_1_87' title='bbox 1094 1857 1196 1926; x_wconf 89' lang='lat' dir='ltr'><strong>otiam</strong></span> <span class='ocrx_word' id='word_1_88' title='bbox 1222 1859 1259 1926; x_wconf 89' lang='lat' dir='ltr'><strong>in</strong></span> <span class='ocrx_word' id='word_1_89' title='bbox 1281 1858 1459 1929; x_wconf 88' lang='lat' dir='ltr'><strong>amatoriis</strong></span> 
     </span>
     <span class='ocr_line' id='line_1_12' title="bbox 234 1953 1459 2066; baseline -0.001 -24"><span class='ocrx_word' id='word_1_90' title='bbox 234 1953 493 2066; x_wconf 82' lang='lat' dir='ltr'><strong>epigrammatis</strong></span> <span class='ocrx_word' id='word_1_91' title='bbox 519 1972 675 2042; x_wconf 89' lang='lat' dir='ltr'><strong>eamdem</strong></span> <span class='ocrx_word' id='word_1_92' title='bbox 705 1973 892 2042; x_wconf 85' lang='lat' dir='ltr'><strong>servaverit</strong></span> <span class='ocrx_word' id='word_1_93' title='bbox 915 1973 1085 2064; x_wconf 89' lang='lat' dir='ltr'><strong>regulam,</strong></span> <span class='ocrx_word' id='word_1_94' title='bbox 1111 1996 1173 2043; x_wconf 89' lang='lat' dir='ltr'><strong>nec</strong></span> <span class='ocrx_word' id='word_1_95' title='bbox 1199 1974 1311 2064; x_wconf 89' lang='lat' dir='ltr'><strong>magis</strong></span> <span class='ocrx_word' id='word_1_96' title='bbox 1333 1974 1459 2066; x_wconf 89' lang='lat' dir='ltr'><strong>quibus</strong></span> 
     </span>
     <span class='ocr_line' id='line_1_13' title="bbox 235 2088 1235 2182; baseline 0.001 -25"><span class='ocrx_word' id='word_1_97' title='bbox 235 2099 392 2159; x_wconf 89' lang='lat' dir='ltr'><strong>ureretur</strong></span> <span class='ocrx_word' id='word_1_98' title='bbox 407 2109 543 2158; x_wconf 90' lang='lat' dir='ltr'><strong>amores</strong></span> <span class='ocrx_word' id='word_1_99' title='bbox 558 2109 661 2180; x_wconf 88' lang='lat' dir='ltr'><strong>quam</strong></span> <span class='ocrx_word' id='word_1_100' title='bbox 677 2111 765 2180; x_wconf 90' lang='lat' dir='ltr'><strong>quae</strong></span> <span class='ocrx_word' id='word_1_101' title='bbox 779 2089 913 2182; x_wconf 86' lang='lat' dir='ltr'><strong>lugeret</strong></span> <span class='ocrx_word' id='word_1_102' title='bbox 926 2089 1050 2157; x_wconf 85' lang='lat' dir='ltr'><strong>lunera</strong></span> <span class='ocrx_word' id='word_1_103' title='bbox 1063 2088 1235 2158; x_wconf 84' lang='lat' dir='ltr'><strong>cecinerit.</strong></span> 
     </span>
    </p>
   </div>
   <div class='ocr_carea' id='block_1_3' title="bbox 235 2346 1462 2886">
    <p class='ocr_par' dir='ltr' id='par_1_3' title="bbox 235 2346 1462 2886">
     <span class='ocr_line' id='line_1_14' title="bbox 281 2346 1458 2440; baseline -0.003 -21"><span class='ocrx_word' id='word_1_104' title='bbox 281 2349 341 2419; x_wconf 88' lang='lat' dir='ltr'><strong>tx.</strong></span> <span class='ocrx_word' id='word_1_105' title='bbox 366 2349 442 2419; x_wconf 83' lang='lat' dir='ltr'><strong>lam</strong></span> <span class='ocrx_word' id='word_1_106' title='bbox 464 2349 493 2417; x_wconf 90' lang='lat' dir='ltr'><strong>si</strong></span> <span class='ocrx_word' id='word_1_107' title='bbox 513 2346 556 2418; x_wconf 91' lang='lat' dir='ltr'><strong>ab</strong></span> <span class='ocrx_word' id='word_1_108' title='bbox 573 2347 772 2417; x_wconf 85' lang='lat' dir='ltr'><strong>inventione</strong></span> <span class='ocrx_word' id='word_1_109' title='bbox 791 2349 986 2438; x_wconf 85' lang='lat' dir='ltr'><strong>argumenti</strong></span> <span class='ocrx_word' id='word_1_110' title='bbox 1002 2347 1045 2417; x_wconf 94' lang='lat' dir='ltr'><strong>ad</strong></span> <span class='ocrx_word' id='word_1_111' title='bbox 1069 2348 1181 2440; x_wconf 90' lang='lat' dir='ltr'><strong>ipsam</strong></span> <span class='ocrx_word' id='word_1_112' title='bbox 1195 2368 1310 2416; x_wconf 87' lang='lat' dir='ltr'><strong>rerum</strong></span> <span class='ocrx_word' id='word_1_113' title='bbox 1335 2357 1458 2416; x_wconf 89' lang='lat' dir='ltr'><strong>tracta·</strong></span> 
     </span>
     <span class='ocr_line' id='line_1_15' title="bbox 236 2463 1458 2557; baseline -0.004 -20"><span class='ocrx_word' id='word_1_114' title='bbox 236 2465 365 2536; x_wconf 86' lang='lat' dir='ltr'><strong>tionem</strong></span> <span class='ocrx_word' id='word_1_115' title='bbox 394 2474 562 2550; x_wconf 85' lang='lat' dir='ltr'><strong>transeas,</strong></span> <span class='ocrx_word' id='word_1_116' title='bbox 591 2463 739 2546; x_wconf 83' lang='lat' dir='ltr'><strong>maxime</strong></span> <span class='ocrx_word' id='word_1_117' title='bbox 767 2463 858 2557; x_wconf 90' lang='lat' dir='ltr'><strong>apud</strong></span> <span class='ocrx_word' id='word_1_118' title='bbox 883 2463 1045 2533; x_wconf 85' lang='lat' dir='ltr'><strong>Archiam</strong></span> <span class='ocrx_word' id='word_1_119' title='bbox 1071 2485 1215 2533; x_wconf 86' lang='lat' dir='ltr'><strong>acumen</strong></span> <span class='ocrx_word' id='word_1_120' title='bbox 1244 2484 1285 2534; x_wconf 89' lang='lat' dir='ltr'><strong>ac</strong></span> <span class='ocrx_word' id='word_1_121' title='bbox 1310 2463 1458 2534; x_wconf 89' lang='lat' dir='ltr'><strong>brevitas</strong></span> 
     </span>
     <span class='ocr_line' id='line_1_16' title="bbox 236 2579 1460 2676; baseline -0.002 -26"><span class='ocrx_word' id='word_1_122' title='bbox 236 2583 338 2676; x_wconf 86' lang='lat' dir='ltr'><strong>(quae</strong></span> <span class='ocrx_word' id='word_1_123' title='bbox 356 2604 419 2651; x_wconf 90' lang='lat' dir='ltr'><strong>nos</strong></span> <span class='ocrx_word' id='word_1_124' title='bbox 436 2582 471 2650; x_wconf 92' lang='lat' dir='ltr'><strong>iu</strong></span> <span class='ocrx_word' id='word_1_125' title='bbox 486 2580 745 2673; x_wconf 86' lang='lat' dir='ltr'><strong>epigrammatis</strong></span> <span class='ocrx_word' id='word_1_126' title='bbox 760 2579 861 2650; x_wconf 89' lang='lat' dir='ltr'><strong>unice</strong></span> <span class='ocrx_word' id='word_1_127' title='bbox 878 2581 1061 2666; x_wconf 85' lang='lat' dir='ltr'><strong>delectant)</strong></span> <span class='ocrx_word' id='word_1_128' title='bbox 1077 2579 1324 2649; x_wconf 84' lang='lat' dir='ltr'><strong>desiderantur.</strong></span> <span class='ocrx_word' id='word_1_129' title='bbox 1340 2580 1460 2649; x_wconf 86' lang='lat' dir='ltr'><strong>Brevi-</strong></span> 
     </span>
     <span class='ocr_line' id='line_1_17' title="bbox 235 2693 1462 2789; baseline -0.002 -23"><span class='ocrx_word' id='word_1_130' title='bbox 235 2708 339 2768; x_wconf 85' lang='lat' dir='ltr'><strong>tatem</strong></span> <span class='ocrx_word' id='word_1_131' title='bbox 368 2698 470 2768; x_wconf 87' lang='lat' dir='ltr'><strong>etiam</strong></span> <span class='ocrx_word' id='word_1_132' title='bbox 494 2695 668 2766; x_wconf 89' lang='lat' dir='ltr'><strong>veteribus</strong></span> <span class='ocrx_word' id='word_1_133' title='bbox 691 2696 778 2767; x_wconf 91' lang='lat' dir='ltr'><strong>mire</strong></span> <span class='ocrx_word' id='word_1_134' title='bbox 802 2697 973 2789; x_wconf 89' lang='lat' dir='ltr'><strong>placuisse</strong></span> <span class='ocrx_word' id='word_1_135' title='bbox 999 2701 1168 2766; x_wconf 90' lang='lat' dir='ltr'><strong>testantur</strong></span> <span class='ocrx_word' id='word_1_136' title='bbox 1193 2693 1298 2766; x_wconf 90' lang='lat' dir='ltr'><strong>verba</strong></span> <span class='ocrx_word' id='word_1_137' title='bbox 1321 2696 1462 2765; x_wconf 88' lang='lat' dir='ltr'><strong>Parme·</strong></span> 
     </span>
     <span class='ocr_line' id='line_1_18' title="bbox 236 2815 398 2886; baseline 0.006 -2"><span class='ocrx_word' id='word_1_138' title='bbox 236 2815 374 2886; x_wconf 83' lang='lat' dir='ltr'><strong>nionis⁸</strong></span> <span class='ocrx_word' id='word_1_139' title='bbox 391 2836 398 2885; x_wconf 93' lang='lat'>:</span> 
     </span>
    </p>
   </div>
   <div class='ocr_carea' id='block_1_4' title="bbox 355 2981 1147 3068">
    <p class='ocr_par' dir='ltr' id='par_1_4' title="bbox 355 2981 1147 3068">
     <span class='ocr_line' id='line_1_19' title="bbox 355 2981 1147 3068; baseline -0.003 -22"><span class='ocrx_word' id='word_1_140' title='bbox 355 2981 454 3046; x_wconf 82' lang='lat' dir='ltr'><strong>Nulla</strong></span> <span class='ocrx_word' id='word_1_141' title='bbox 464 2993 543 3068; x_wconf 82' lang='lat' dir='ltr'><strong>puto</strong></span> <span class='ocrx_word' id='word_1_142' title='bbox 559 2981 656 3045; x_wconf 86' lang='lat' dir='ltr'><strong>Musis</strong></span> <span class='ocrx_word' id='word_1_143' title='bbox 671 2986 895 3068; x_wconf 73' lang='lat' dir='ltr'><strong>epigrammata</strong></span> <span class='ocrx_word' id='word_1_144' title='bbox 910 2983 1001 3066; x_wconf 82' lang='lat' dir='ltr'><strong>loapc</strong></span> <span class='ocrx_word' id='word_1_145' title='bbox 1013 2982 1147 3068; x_wconf 85' lang='lat' dir='ltr'><strong>placere,</strong></span> 
     </span>
    </p>
   </div>
   <div class='ocr_carea' id='block_1_5' title="bbox 236 3162 881 3256">
    <p class='ocr_par' dir='ltr' id='par_1_5' title="bbox 236 3162 881 3256">
     <span class='ocr_line' id='line_1_20' title="bbox 236 3162 881 3256; baseline -0.006 -22"><span class='ocrx_word' id='word_1_146' title='bbox 236 3173 271 3234; x_wconf 87' lang='lat' dir='ltr'><strong>et</strong></span> <span class='ocrx_word' id='word_1_147' title='bbox 286 3163 418 3256; x_wconf 78' lang='lat' dir='ltr'><strong>cyrilli,</strong></span> <span class='ocrx_word' id='word_1_148' title='bbox 435 3184 518 3232; x_wconf 90' lang='lat' dir='ltr'><strong>sane</strong></span> <span class='ocrx_word' id='word_1_149' title='bbox 535 3162 676 3231; x_wconf 91' lang='lat' dir='ltr'><strong>modum</strong></span> <span class='ocrx_word' id='word_1_150' title='bbox 692 3163 853 3254; x_wconf 63' lang='lat' dir='ltr'><strong>egressa²</strong></span> <span class='ocrx_word' id='word_1_151' title='bbox 874 3183 881 3230; x_wconf 94' lang='lat'><strong>:</strong></span> 
     </span>
    </p>
   </div>
   <div class='ocr_carea' id='block_1_6' title="bbox 361 3349 1288 3533">
    <p class='ocr_par' dir='ltr' id='par_1_6' title="bbox 361 3349 1288 3533">
     <span class='ocr_line' id='line_1_21' title="bbox 361 3349 1288 3434; baseline -0.004 -20"><span class='ocrx_word' id='word_1_152' title='bbox 361 3349 505 3414; x_wconf 81' lang='lat' dir='ltr'><strong>Versibus</strong></span> <span class='ocrx_word' id='word_1_153' title='bbox 522 3368 561 3414; x_wconf 80' lang='lat' dir='ltr'><strong>ea·</strong></span> <span class='ocrx_word' id='word_1_154' title='bbox 576 3351 707 3432; x_wconf 73' lang='lat' dir='ltr'><strong>geminis</strong></span> <span class='ocrx_word' id='word_1_155' title='bbox 722 3349 886 3410; x_wconf 78' lang='lat' dir='ltr'><strong>bonosum</strong></span> <span class='ocrx_word' id='word_1_156' title='bbox 901 3350 1128 3434; x_wconf 71' lang='lat' dir='ltr'><strong>epigrammata</strong></span> <span class='ocrx_word' id='word_1_157' title='bbox 1137 3368 1149 3428; x_wconf 90' lang='lat'><strong>‚·</strong></span> <span class='ocrx_word' id='word_1_158' title='bbox 1164 3351 1246 3433; x_wconf 81' lang='lat' dir='ltr'><strong>qaod</strong></span> <span class='ocrx_word' id='word_1_159' title='bbox 1262 3351 1288 3411; x_wconf 88' lang='lat' dir='ltr'><strong>si</strong></span> 
     </span>
     <span class='ocr_line' id='line_1_22' title="bbox 436 3447 1144 3533; baseline 0 -22"><span class='ocrx_word' id='word_1_160' title='bbox 436 3447 511 3511; x_wconf 80' lang='lat' dir='ltr'><strong>Tres</strong></span> <span class='ocrx_word' id='word_1_161' title='bbox 525 3447 656 3521; x_wconf 80' lang='lat' dir='ltr'><strong>accedis,</strong></span> <span class='ocrx_word' id='word_1_162' title='bbox 674 3467 757 3532; x_wconf 82' lang='lat' dir='ltr'><strong>epos,</strong></span> <span class='ocrx_word' id='word_1_163' title='bbox 774 3467 836 3508; x_wconf 85' lang='lat' dir='ltr'><strong>non</strong></span> <span class='ocrx_word' id='word_1_164' title='bbox 850 3450 1041 3533; x_wconf 74' lang='lat' dir='ltr'><strong>epigramma</strong></span> <span class='ocrx_word' id='word_1_165' title='bbox 1054 3448 1144 3529; x_wconf 86' lang='lat' dir='ltr'><strong>sacis.</strong></span> 
     </span>
    </p>
   </div>
   <div class='ocr_carea' id='block_1_7' title="bbox 237 3633 1464 3846">
    <p class='ocr_par' dir='ltr' id='par_1_7' title="bbox 237 3633 1464 3846">
     <span class='ocr_line' id='line_1_23' title="bbox 237 3633 1464 3727; baseline -0.005 -19"><span class='ocrx_word' id='word_1_166' title='bbox 237 3637 364 3708; x_wconf 83' lang='lat' dir='ltr'><strong>Contra</strong></span> <span class='ocrx_word' id='word_1_167' title='bbox 377 3659 421 3707; x_wconf 86' lang='lat' dir='ltr'><strong>ex</strong></span> <span class='ocrx_word' id='word_1_168' title='bbox 433 3637 517 3706; x_wconf 85' lang='lat' dir='ltr'><strong>XXI</strong></span> <span class='ocrx_word' id='word_1_169' title='bbox 533 3635 680 3706; x_wconf 84' lang='lat' dir='ltr'><strong>Archiae</strong></span> <span class='ocrx_word' id='word_1_170' title='bbox 692 3634 1043 3727; x_wconf 86' lang='lat' dir='ltr'><strong>epigrammatis‚lere</strong></span> <span class='ocrx_word' id='word_1_171' title='bbox 1058 3633 1202 3704; x_wconf 89' lang='lat' dir='ltr'><strong>dimidia</strong></span> <span class='ocrx_word' id='word_1_172' title='bbox 1215 3657 1295 3727; x_wconf 90' lang='lat' dir='ltr'><strong>pars</strong></span> <span class='ocrx_word' id='word_1_173' title='bbox 1311 3657 1373 3704; x_wconf 86' lang='lat' dir='ltr'><strong>sex</strong></span> <span class='ocrx_word' id='word_1_174' title='bbox 1389 3657 1464 3706; x_wconf 84' lang='lat' dir='ltr'><strong>ver-</strong></span> 
     </span>
     <span class='ocr_line' id='line_1_24' title="bbox 238 3750 1463 3846; baseline -0.002 -24"><span class='ocrx_word' id='word_1_175' title='bbox 238 3777 340 3824; x_wconf 90' lang='lat' dir='ltr'><strong>suum</strong></span> <span class='ocrx_word' id='word_1_176' title='bbox 357 3753 620 3846; x_wconf 89' lang='lat' dir='ltr'><strong>amplitudinem</strong></span> <span class='ocrx_word' id='word_1_177' title='bbox 636 3751 816 3824; x_wconf 86' lang='lat' dir='ltr'><strong>excedunt.</strong></span> <span class='ocrx_word' id='word_1_178' title='bbox 836 3751 990 3821; x_wconf 84' lang='lat' dir='ltr'><strong>Acumen</strong></span> <span class='ocrx_word' id='word_1_179' title='bbox 1008 3771 1085 3821; x_wconf 94' lang='lat' dir='ltr'><strong>raro</strong></span> <span class='ocrx_word' id='word_1_180' title='bbox 1102 3759 1221 3820; x_wconf 89' lang='lat' dir='ltr'><strong>noster</strong></span> <span class='ocrx_word' id='word_1_181' title='bbox 1234 3750 1463 3843; x_wconf 86' lang='lat' dir='ltr'><strong>persequitur,</strong></span> 
     </span>
    </p>
   </div>
   <div class='ocr_carea' id='block_1_8' title="bbox 239 3965 1470 4838">
    <p class='ocr_par' dir='ltr' id='par_1_8' title="bbox 275 3965 620 4036">
     <span class='ocr_line' id='line_1_25' title="bbox 275 3965 620 4036; baseline 0 -12"><span class='ocrx_word' id='word_1_182' title='bbox 275 3970 301 4025; x_wconf 88' lang='lat' dir='ltr'><strong>t.</strong></span> <span class='ocrx_word' id='word_1_183' title='bbox 321 3969 407 4026; x_wconf 82' lang='lat' dir='ltr'><strong>Antt.</strong></span> <span class='ocrx_word' id='word_1_184' title='bbox 419 3967 492 4036; x_wconf 79' lang='lat' dir='ltr'><strong>rat,</strong></span> <span class='ocrx_word' id='word_1_185' title='bbox 507 3965 554 4032; x_wconf 83' lang='lat' dir='ltr'><strong>Vt,</strong></span> <span class='ocrx_word' id='word_1_186' title='bbox 575 3967 620 4024; x_wconf 83' lang='grc'><strong>17.</strong></span> 
     </span>
    </p>

    <p class='ocr_par' dir='ltr' id='par_1_9' title="bbox 240 4042 1470 4203">
     <span class='ocr_line' id='line_1_26' title="bbox 273 4042 1470 4122; baseline -0.004 -18"><span class='ocrx_word' id='word_1_187' title='bbox 273 4049 301 4109; x_wconf 82' lang='grc'><strong>2.</strong></span> <span class='ocrx_word' id='word_1_188' title='bbox 318 4050 393 4118; x_wconf 82' lang='lat' dir='ltr'><strong>App.</strong></span> <span class='ocrx_word' id='word_1_189' title='bbox 414 4047 508 4116; x_wconf 79' lang='lat' dir='ltr'><strong>Pium,</strong></span> <span class='ocrx_word' id='word_1_190' title='bbox 529 4047 591 4104; x_wconf 79' lang='lat' dir='ltr'><strong>tre.</strong></span> <span class='ocrx_word' id='word_1_191' title='bbox 612 4046 716 4122; x_wconf 86' lang='lat' dir='ltr'><strong>Apellis</strong></span> <span class='ocrx_word' id='word_1_192' title='bbox 736 4045 869 4102; x_wconf 86' lang='lat' dir='ltr'><strong>Venerem</strong></span> <span class='ocrx_word' id='word_1_193' title='bbox 889 4047 1037 4120; x_wconf 87' lang='lat' dir='ltr'><strong>Augustus</strong></span> <span class='ocrx_word' id='word_1_194' title='bbox 1060 4045 1172 4103; x_wconf 83' lang='lat' dir='ltr'><strong>demum</strong></span> <span class='ocrx_word' id='word_1_195' title='bbox 1191 4045 1307 4102; x_wconf 81' lang='lat' dir='ltr'><strong>Romam</strong></span> <span class='ocrx_word' id='word_1_196' title='bbox 1329 4042 1470 4102; x_wconf 86' lang='lat' dir='ltr'><strong>transtulit</strong></span> 
     </span>
     <span class='ocr_line' id='line_1_27' title="bbox 240 4124 585 4203; baseline -0.009 -17"><span class='ocrx_word' id='word_1_197' title='bbox 240 4127 359 4203; x_wconf 85' lang='lat' dir='ltr'><strong>(Strab,</strong></span> <span class='ocrx_word' id='word_1_198' title='bbox 373 4124 446 4198; x_wconf 84' lang='lat' dir='ltr'><strong>xtV,</strong></span> <span class='ocrx_word' id='word_1_199' title='bbox 461 4145 493 4202; x_wconf 86' lang='lat' dir='ltr'><strong>p.</strong></span> <span class='ocrx_word' id='word_1_200' title='bbox 511 4128 585 4200; x_wconf 78' lang='lat' dir='ltr'><strong>cst).</strong></span> 
     </span>
    </p>

    <p class='ocr_par' dir='ltr' id='par_1_10' title="bbox 239 4203 1469 4521">
     <span class='ocr_line' id='line_1_28' title="bbox 275 4203 1469 4282; baseline -0.005 -16"><span class='ocrx_word' id='word_1_201' title='bbox 275 4209 302 4266; x_wconf 88' lang='grc'><strong>3.</strong></span> <span class='ocrx_word' id='word_1_202' title='bbox 318 4207 381 4273; x_wconf 88' lang='lat' dir='ltr'><strong>Vll,</strong></span> <span class='ocrx_word' id='word_1_203' title='bbox 402 4207 463 4266; x_wconf 78' lang='lat' dir='ltr'><strong>ttt.</strong></span> <span class='ocrx_word' id='word_1_204' title='bbox 479 4205 648 4264; x_wconf 86' lang='lat' dir='ltr'><strong>Timomachi</strong></span> <span class='ocrx_word' id='word_1_205' title='bbox 661 4208 770 4282; x_wconf 86' lang='lat' dir='ltr'><strong>Ajacem</strong></span> <span class='ocrx_word' id='word_1_206' title='bbox 787 4205 889 4265; x_wconf 88' lang='lat' dir='ltr'><strong>Caesar</strong></span> <span class='ocrx_word' id='word_1_207' title='bbox 903 4206 1004 4264; x_wconf 86' lang='lat' dir='ltr'><strong>emisse</strong></span> <span class='ocrx_word' id='word_1_208' title='bbox 1018 4207 1103 4264; x_wconf 87' lang='lat' dir='ltr'><strong>lertur</strong></span> <span class='ocrx_word' id='word_1_209' title='bbox 1117 4206 1219 4279; x_wconf 87' lang='lat' dir='ltr'><strong>(Pliu.,</strong></span> <span class='ocrx_word' id='word_1_210' title='bbox 1233 4205 1295 4272; x_wconf 83' lang='lat' dir='ltr'><strong>Vll,</strong></span> <span class='ocrx_word' id='word_1_211' title='bbox 1311 4205 1385 4275; x_wconf 83' lang='lat'><strong>126).</strong></span> <span class='ocrx_word' id='word_1_212' title='bbox 1397 4203 1469 4260; x_wconf 83' lang='lat' dir='ltr'><strong>Cave</strong></span> 
     </span>
     <span class='ocr_line' id='line_1_29' title="bbox 239 4284 1468 4358; baseline -0.005 -13"><span class='ocrx_word' id='word_1_213' title='bbox 239 4305 275 4345; x_wconf 86' lang='lat' dir='ltr'><strong>ue</strong></span> <span class='ocrx_word' id='word_1_214' title='bbox 289 4287 381 4345; x_wconf 84' lang='lat' dir='ltr'><strong>Plinio</strong></span> <span class='ocrx_word' id='word_1_215' title='bbox 399 4287 496 4344; x_wconf 88' lang='lat' dir='ltr'><strong>credas</strong></span> <span class='ocrx_word' id='word_1_216' title='bbox 519 4288 688 4346; x_wconf 85' lang='lat' dir='ltr'><strong>asseveranti</strong></span> <span class='ocrx_word' id='word_1_217' title='bbox 705 4287 909 4344; x_wconf 86' lang='lat' dir='ltr'><strong>Timomachum</strong></span> <span class='ocrx_word' id='word_1_218' title='bbox 929 4285 1055 4344; x_wconf 87' lang='lat' dir='ltr'><strong>Caesaris</strong></span> <span class='ocrx_word' id='word_1_219' title='bbox 1076 4287 1161 4344; x_wconf 83' lang='lat' dir='ltr'><strong>luisse</strong></span> <span class='ocrx_word' id='word_1_220' title='bbox 1180 4285 1320 4358; x_wconf 87' lang='lat' dir='ltr'><strong>aequatem</strong></span> <span class='ocrx_word' id='word_1_221' title='bbox 1345 4284 1468 4356; x_wconf 82' lang='lat' dir='ltr'><strong>(XXXV,</strong></span> 
     </span>
     <span class='ocr_line' id='line_1_30' title="bbox 242 4365 1469 4442; baseline -0.005 -16"><span class='ocrx_word' id='word_1_222' title='bbox 242 4369 322 4442; x_wconf 82' lang='lat'><strong>136);</strong></span> <span class='ocrx_word' id='word_1_223' title='bbox 336 4367 459 4426; x_wconf 85' lang='lat' dir='ltr'><strong>celebres</strong></span> <span class='ocrx_word' id='word_1_224' title='bbox 483 4366 555 4425; x_wconf 87' lang='lat' dir='ltr'><strong>euim</strong></span> <span class='ocrx_word' id='word_1_225' title='bbox 578 4370 638 4442; x_wconf 87' lang='lat' dir='ltr'><strong>ejus</strong></span> <span class='ocrx_word' id='word_1_226' title='bbox 653 4365 762 4426; x_wconf 86' lang='lat' dir='ltr'><strong>tabulas</strong></span> <span class='ocrx_word' id='word_1_227' title='bbox 775 4368 833 4441; x_wconf 82' lang='lat' dir='ltr'><strong>jam</strong></span> <span class='ocrx_word' id='word_1_228' title='bbox 847 4367 953 4440; x_wconf 87' lang='lat' dir='ltr'><strong>Cicero,</strong></span> <span class='ocrx_word' id='word_1_229' title='bbox 972 4384 1045 4426; x_wconf 87' lang='lat' dir='ltr'><strong>anno</strong></span> <span class='ocrx_word' id='word_1_230' title='bbox 1064 4368 1097 4428; x_wconf 90' lang='lat' dir='ltr'><strong>U.</strong></span> <span class='ocrx_word' id='word_1_231' title='bbox 1122 4367 1153 4428; x_wconf 88' lang='lat' dir='ltr'><strong>C.</strong></span> <span class='ocrx_word' id='word_1_232' title='bbox 1173 4367 1236 4436; x_wconf 80' lang='lat'><strong>684,</strong></span> <span class='ocrx_word' id='word_1_233' title='bbox 1257 4365 1350 4422; x_wconf 87' lang='lat' dir='ltr'><strong>laudat</strong></span> <span class='ocrx_word' id='word_1_234' title='bbox 1364 4366 1469 4436; x_wconf 70' lang='lat' dir='ltr'><strong>(Vera,</strong></span> 
     </span>
     <span class='ocr_line' id='line_1_31' title="bbox 243 4446 444 4521; baseline 0.015 -18"><span class='ocrx_word' id='word_1_235' title='bbox 243 4446 444 4521; x_wconf 79' lang='lat' dir='ltr'><strong>tv;60,135).</strong></span> 
     </span>
    </p>

    <p class='ocr_par' dir='ltr' id='par_1_11' title="bbox 278 4527 950 4603">
     <span class='ocr_line' id='line_1_32' title="bbox 278 4527 950 4603; baseline 0.01 -20"><span class='ocrx_word' id='word_1_236' title='bbox 278 4529 306 4584; x_wconf 76' lang='lat' dir='ltr'><strong>l.</strong></span> <span class='ocrx_word' id='word_1_237' title='bbox 325 4527 373 4598; x_wconf 90' lang='lat' dir='ltr'><strong>tx,</strong></span> <span class='ocrx_word' id='word_1_238' title='bbox 388 4529 444 4584; x_wconf 83' lang='lat'><strong>750</strong></span> <span class='ocrx_word' id='word_1_239' title='bbox 457 4528 597 4602; x_wconf 68' lang='lat' dir='ltr'><strong>(Archiae)</strong></span> <span class='ocrx_word' id='word_1_240' title='bbox 612 4555 643 4584; x_wconf 92' lang='lat'>=</span> <span class='ocrx_word' id='word_1_241' title='bbox 659 4529 708 4599; x_wconf 87' lang='lat' dir='ltr'><strong>lll,</strong></span> <span class='ocrx_word' id='word_1_242' title='bbox 722 4528 775 4584; x_wconf 73' lang='lat'><strong>7⁴7</strong></span> <span class='ocrx_word' id='word_1_243' title='bbox 790 4527 950 4603; x_wconf 84' lang='lat' dir='ltr'><strong>(Platonis).</strong></span> 
     </span>
    </p>

    <p class='ocr_par' dir='ltr' id='par_1_12' title="bbox 278 4607 942 4684">
     <span class='ocr_line' id='line_1_33' title="bbox 278 4607 942 4684; baseline 0 -18"><span class='ocrx_word' id='word_1_244' title='bbox 278 4610 306 4666; x_wconf 84' lang='lat'><strong>5.</strong></span> <span class='ocrx_word' id='word_1_245' title='bbox 325 4607 373 4678; x_wconf 82' lang='lat' dir='ltr'><strong>lll,</strong></span> <span class='ocrx_word' id='word_1_246' title='bbox 388 4609 441 4666; x_wconf 76' lang='grc'><strong>343</strong></span> <span class='ocrx_word' id='word_1_247' title='bbox 456 4609 594 4684; x_wconf 86' lang='lat' dir='ltr'><strong>(Archiae)</strong></span> <span class='ocrx_word' id='word_1_248' title='bbox 609 4627 640 4658; x_wconf 88' lang='lat'>=</span> <span class='ocrx_word' id='word_1_249' title='bbox 656 4609 705 4678; x_wconf 86' lang='lat' dir='ltr'><strong>tx,</strong></span> <span class='ocrx_word' id='word_1_250' title='bbox 719 4607 756 4664; x_wconf 80' lang='lat' dir='ltr'><strong>ts</strong></span> <span class='ocrx_word' id='word_1_251' title='bbox 770 4607 942 4684; x_wconf 76' lang='lat' dir='ltr'><strong>(Antipatri).</strong></span> 
     </span>
    </p>

    <p class='ocr_par' dir='ltr' id='par_1_13' title="bbox 278 4687 452 4755">
     <span class='ocr_line' id='line_1_34' title="bbox 278 4687 452 4755; baseline 0.006 -11"><span class='ocrx_word' id='word_1_252' title='bbox 278 4689 308 4744; x_wconf 90' lang='lat' dir='ltr'><strong>o.</strong></span> <span class='ocrx_word' id='word_1_253' title='bbox 324 4687 373 4755; x_wconf 79' lang='lat' dir='ltr'><strong>lx,</strong></span> <span class='ocrx_word' id='word_1_254' title='bbox 389 4687 452 4746; x_wconf 77' lang='lat'><strong>3⁴2.</strong></span> 
     </span>
    </p>

    <p class='ocr_par' dir='ltr' id='par_1_14' title="bbox 278 4767 455 4838">
     <span class='ocr_line' id='line_1_35' title="bbox 278 4767 455 4838; baseline 0.006 -11"><span class='ocrx_word' id='word_1_255' title='bbox 278 4771 309 4828; x_wconf 80' lang='lat' dir='ltr'><strong>t.</strong></span> <span class='ocrx_word' id='word_1_256' title='bbox 329 4767 377 4838; x_wconf 88' lang='lat' dir='ltr'><strong>lll,</strong></span> <span class='ocrx_word' id='word_1_257' title='bbox 392 4767 455 4828; x_wconf 84' lang='grc'><strong>369.</strong></span> 
     </span>
    </p>
   </div>
   <div class='ocr_carea' id='block_1_9' title="bbox 0 0 1930 5786">
    <p class='ocr_par' dir='ltr' id='par_1_15' title="bbox 0 0 1930 5786">
     <span class='ocr_line' id='line_1_36' title="bbox 0 0 1930 5786; baseline 0 0"><span class='ocrx_word' id='word_1_258' title='bbox 0 0 1930 5786; x_wconf 95' lang='lat' dir='ltr'><strong> </strong></span> 
     </span>
    </p>
   </div>
  </div>
 </body>
</html>
