<?xml version="1.0" encoding="UTF-8"?>
<!DOCTYPE html PUBLIC "-//W3C//DTD XHTML 1.0 Transitional//EN"
    "http://www.w3.org/TR/xhtml1/DTD/xhtml1-transitional.dtd">
<html xmlns="http://www.w3.org/1999/xhtml" xml:lang="en" lang="en">
 <head>
  <title>
</title>
<meta http-equiv="Content-Type" content="text/html;charset=utf-8" />
  <meta name='ocr-system' content='tesseract 3.04.00' />
  <meta name='ocr-capabilities' content='ocr_page ocr_carea ocr_par ocr_line ocrx_word'/>
</head>
<body>
  <div class='ocr_page' id='page_1' title='image "./diearchiapoetat00reingoog_0030.png"; bbox 0 0 3830 5786; ppageno 0'>
   <div class='ocr_carea' id='block_1_1' title="bbox 797 567 975 634">
    <p class='ocr_par' dir='ltr' id='par_1_1' title="bbox 797 567 975 634">
     <span class='ocr_line' id='line_1_1' title="bbox 797 567 975 634; baseline 0 -18"><span class='ocrx_word' id='word_1_1' title='bbox 797 567 975 634; x_wconf 64' lang='lat'>-15-</span> 
     </span>
    </p>
   </div>
   <div class='ocr_carea' id='block_1_2' title="bbox 275 735 1499 944">
    <p class='ocr_par' dir='ltr' id='par_1_2' title="bbox 275 735 1499 944">
     <span class='ocr_line' id='line_1_2' title="bbox 275 735 1499 830; baseline -0.003 -22"><span class='ocrx_word' id='word_1_2' title='bbox 275 739 520 830; x_wconf 77' lang='lat' dir='ltr'><strong>excogitatum,</strong></span> <span class='ocrx_word' id='word_1_3' title='bbox 534 737 594 806; x_wconf 87' lang='lat' dir='ltr'><strong>sed</strong></span> <span class='ocrx_word' id='word_1_4' title='bbox 610 736 704 805; x_wconf 92' lang='lat' dir='ltr'><strong>omni</strong></span> <span class='ocrx_word' id='word_1_5' title='bbox 719 745 813 805; x_wconf 90' lang='lat' dir='ltr'><strong>caret</strong></span> <span class='ocrx_word' id='word_1_6' title='bbox 826 735 1062 820; x_wconf 81' lang='lat' dir='ltr'><strong>fundamento,</strong></span> <span class='ocrx_word' id='word_1_7' title='bbox 1072 735 1274 827; x_wconf 87' lang='lat' dir='ltr'><strong>praesertim</strong></span> <span class='ocrx_word' id='word_1_8' title='bbox 1289 757 1368 804; x_wconf 90' lang='lat' dir='ltr'><strong>cum</strong></span> <span class='ocrx_word' id='word_1_9' title='bbox 1378 736 1413 804; x_wconf 91' lang='lat' dir='ltr'><strong>in</strong></span> <span class='ocrx_word' id='word_1_10' title='bbox 1428 738 1499 805; x_wconf 92' lang='lat' dir='ltr'><strong>uni·</strong></span> 
     </span>
     <span class='ocr_line' id='line_1_3' title="bbox 276 851 1496 944; baseline -0.002 -20"><span class='ocrx_word' id='word_1_11' title='bbox 276 877 376 925; x_wconf 90' lang='lat' dir='ltr'><strong>versa</strong></span> <span class='ocrx_word' id='word_1_12' title='bbox 391 854 617 924; x_wconf 76' lang='lat' dir='ltr'><strong>Lucullorum</strong></span> <span class='ocrx_word' id='word_1_13' title='bbox 634 852 736 944; x_wconf 81' lang='lat' dir='ltr'><strong>stirpe</strong></span> <span class='ocrx_word' id='word_1_14' title='bbox 757 851 888 920; x_wconf 83' lang='lat' dir='ltr'><strong>Aulum</strong></span> <span class='ocrx_word' id='word_1_15' title='bbox 904 873 1111 944; x_wconf 79' lang='lat' dir='ltr'>praenomen</span> <span class='ocrx_word' id='word_1_16' title='bbox 1126 851 1254 921; x_wconf 79' lang='lat' dir='ltr'><strong>frustra</strong></span> <span class='ocrx_word' id='word_1_17' title='bbox 1271 853 1496 944; x_wconf 82' lang='lat' dir='ltr'><strong>quaesiveris.</strong></span> 
     </span>
    </p>
   </div>
   <div class='ocr_carea' id='block_1_3' title="bbox 272 1092 1499 1303">
    <p class='ocr_par' dir='ltr' id='par_1_3' title="bbox 272 1092 1499 1303">
     <span class='ocr_line' id='line_1_4' title="bbox 317 1092 1498 1187; baseline 0 -23"><span class='ocrx_word' id='word_1_18' title='bbox 317 1096 394 1166; x_wconf 89' lang='lat' dir='ltr'><strong>XV.</strong></span> <span class='ocrx_word' id='word_1_19' title='bbox 427 1097 530 1164; x_wconf 91' lang='lat' dir='ltr'><strong>Anno</strong></span> <span class='ocrx_word' id='word_1_20' title='bbox 557 1094 599 1165; x_wconf 90' lang='lat' dir='ltr'><strong>U.</strong></span> <span class='ocrx_word' id='word_1_21' title='bbox 621 1093 658 1163; x_wconf 83' lang='lat' dir='ltr'><strong>C.</strong></span> <span class='ocrx_word' id='word_1_22' title='bbox 684 1094 763 1179; x_wconf 78' lang='grc'><strong>667,</strong></span> <span class='ocrx_word' id='word_1_23' title='bbox 794 1092 833 1161; x_wconf 91' lang='lat' dir='ltr'><strong>L.</strong></span> <span class='ocrx_word' id='word_1_24' title='bbox 859 1093 1039 1178; x_wconf 80' lang='lat' dir='ltr'><strong>Lucullus,</strong></span> <span class='ocrx_word' id='word_1_25' title='bbox 1057 1104 1218 1187; x_wconf 79' lang='lat' dir='ltr'><strong>quaestor</strong></span> <span class='ocrx_word' id='word_1_26' title='bbox 1246 1105 1393 1179; x_wconf 90' lang='lat' dir='ltr'><strong>creatus,</strong></span> <span class='ocrx_word' id='word_1_27' title='bbox 1419 1118 1498 1164; x_wconf 89' lang='lat' dir='ltr'><strong>cum</strong></span> 
     </span>
     <span class='ocr_line' id='line_1_5' title="bbox 272 1207 1499 1303; baseline -0.001 -23"><span class='ocrx_word' id='word_1_28' title='bbox 272 1210 312 1280; x_wconf 90' lang='lat' dir='ltr'><strong>L.</strong></span> <span class='ocrx_word' id='word_1_29' title='bbox 329 1211 427 1282; x_wconf 91' lang='lat' dir='ltr'><strong>Sulla</strong></span> <span class='ocrx_word' id='word_1_30' title='bbox 444 1231 508 1300; x_wconf 91' lang='lat' dir='ltr'><strong>pro</strong></span> <span class='ocrx_word' id='word_1_31' title='bbox 533 1209 672 1278; x_wconf 91' lang='lat' dir='ltr'><strong>consule</strong></span> <span class='ocrx_word' id='word_1_32' title='bbox 700 1207 744 1277; x_wconf 93' lang='lat' dir='ltr'><strong>ad</strong></span> <span class='ocrx_word' id='word_1_33' title='bbox 772 1207 902 1278; x_wconf 92' lang='lat' dir='ltr'><strong>bellum</strong></span> <span class='ocrx_word' id='word_1_34' title='bbox 932 1208 1217 1294; x_wconf 87' lang='lat' dir='ltr'><strong>Mithridaticum,</strong></span> <span class='ocrx_word' id='word_1_35' title='bbox 1245 1212 1336 1303; x_wconf 91' lang='lat' dir='ltr'><strong>quod</strong></span> <span class='ocrx_word' id='word_1_36' title='bbox 1365 1220 1439 1279; x_wconf 90' lang='lat' dir='ltr'><strong>tum</strong></span> <span class='ocrx_word' id='word_1_37' title='bbox 1462 1211 1499 1279; x_wconf 90' lang='lat' dir='ltr'><strong>in</strong></span> 
     </span>
    </p>
   </div>
   <div class='ocr_carea' id='block_1_4' title="bbox 153 1323 1499 1417">
    <p class='ocr_par' dir='ltr' id='par_1_4' title="bbox 153 1323 1499 1417">
     <span class='ocr_line' id='line_1_6' title="bbox 153 1323 1499 1417; baseline 0 -21"><span class='ocrx_word' id='word_1_38' title='bbox 153 1379 156 1384; x_wconf 85' lang='lat'><em>-</em></span> <span class='ocrx_word' id='word_1_39' title='bbox 273 1327 419 1396; x_wconf 86' lang='lat' dir='ltr'><strong>Graecia</strong></span> <span class='ocrx_word' id='word_1_40' title='bbox 445 1325 641 1417; x_wconf 75' lang='lat' dir='ltr'><strong>gerebatur,</strong></span> <span class='ocrx_word' id='word_1_41' title='bbox 668 1323 843 1417; x_wconf 84' lang='lat' dir='ltr'><strong>profectus</strong></span> <span class='ocrx_word' id='word_1_42' title='bbox 871 1334 936 1393; x_wconf 89' lang='lat' dir='ltr'><strong>est.</strong></span> <span class='ocrx_word' id='word_1_43' title='bbox 967 1325 1079 1417; x_wconf 89' lang='lat' dir='ltr'><strong>Hujus</strong></span> <span class='ocrx_word' id='word_1_44' title='bbox 1111 1325 1146 1394; x_wconf 92' lang='lat' dir='ltr'><strong>in</strong></span> <span class='ocrx_word' id='word_1_45' title='bbox 1177 1327 1317 1397; x_wconf 81' lang='lat' dir='ltr'><strong>cohorte</strong></span> <span class='ocrx_word' id='word_1_46' title='bbox 1340 1328 1499 1397; x_wconf 87' lang='lat' dir='ltr'><strong>nonnulli</strong></span> 
     </span>
    </p>
   </div>
   <div class='ocr_carea' id='block_1_5' title="bbox 227 1439 1517 4194">
    <p class='ocr_par' dir='ltr' id='par_1_5' title="bbox 273 1439 1502 2229">
     <span class='ocr_line' id='line_1_7' title="bbox 273 1439 1499 1533; baseline 0.002 -23"><span class='ocrx_word' id='word_1_47' title='bbox 273 1442 432 1513; x_wconf 88' lang='lat' dir='ltr'><strong>homines</strong></span> <span class='ocrx_word' id='word_1_48' title='bbox 460 1439 587 1510; x_wconf 85' lang='lat' dir='ltr'><strong>literati</strong></span> <span class='ocrx_word' id='word_1_49' title='bbox 615 1439 820 1526; x_wconf 84' lang='lat' dir='ltr'><strong>militavere,</strong></span> <span class='ocrx_word' id='word_1_50' title='bbox 851 1440 890 1509; x_wconf 93' lang='grc' dir='ltr'><strong>Ρ.</strong></span> <span class='ocrx_word' id='word_1_51' title='bbox 917 1449 951 1509; x_wconf 89' lang='lat' dir='ltr'><strong>et</strong></span> <span class='ocrx_word' id='word_1_52' title='bbox 979 1439 1015 1510; x_wconf 90' lang='lat' dir='ltr'><strong>C.</strong></span> <span class='ocrx_word' id='word_1_53' title='bbox 1044 1439 1142 1525; x_wconf 88' lang='lat' dir='ltr'><strong>Selii,</strong></span> <span class='ocrx_word' id='word_1_54' title='bbox 1169 1440 1330 1510; x_wconf 87' lang='lat' dir='ltr'><strong>Tetrilius</strong></span> <span class='ocrx_word' id='word_1_55' title='bbox 1364 1443 1499 1533; x_wconf 83' lang='lat' dir='ltr'><strong>Bogus,</strong></span> 
     </span>
     <span class='ocr_line' id='line_1_8' title="bbox 273 1554 1497 1649; baseline 0.001 -22"><span class='ocrx_word' id='word_1_56' title='bbox 273 1557 466 1628; x_wconf 79' lang='lat' dir='ltr'><strong>Antiochus</strong></span> <span class='ocrx_word' id='word_1_57' title='bbox 485 1554 696 1641; x_wconf 87' lang='lat' dir='ltr'><strong>Ascalonita,</strong></span> <span class='ocrx_word' id='word_1_58' title='bbox 718 1555 880 1647; x_wconf 88' lang='lat' dir='ltr'><strong>egregius</strong></span> <span class='ocrx_word' id='word_1_59' title='bbox 901 1555 1147 1648; x_wconf 88' lang='lat' dir='ltr'><strong>philosophus¹</strong></span> <span class='ocrx_word' id='word_1_60' title='bbox 1166 1579 1175 1639; x_wconf 91' lang='lat'>;</span> <span class='ocrx_word' id='word_1_61' title='bbox 1197 1557 1322 1649; x_wconf 91' lang='lat' dir='ltr'><strong>quibus</strong></span> <span class='ocrx_word' id='word_1_62' title='bbox 1339 1559 1497 1643; x_wconf 84' lang='lat' dir='ltr'><strong>Archias,</strong></span> 
     </span>
     <span class='ocr_line' id='line_1_9' title="bbox 275 1670 1502 1766; baseline 0 -23"><span class='ocrx_word' id='word_1_63' title='bbox 275 1673 448 1766; x_wconf 87' lang='lat' dir='ltr'><strong>solitapro</strong></span> <span class='ocrx_word' id='word_1_64' title='bbox 464 1671 728 1756; x_wconf 89' lang='lat' dir='ltr'><strong>consuetudine,</strong></span> <span class='ocrx_word' id='word_1_65' title='bbox 740 1670 885 1764; x_wconf 90' lang='lat' dir='ltr'><strong>adjungi</strong></span> <span class='ocrx_word' id='word_1_66' title='bbox 897 1671 1036 1739; x_wconf 88' lang='lat' dir='ltr'><strong>meruit.</strong></span> <span class='ocrx_word' id='word_1_67' title='bbox 1048 1671 1107 1740; x_wconf 90' lang='lat' dir='ltr'><strong>Sic</strong></span> <span class='ocrx_word' id='word_1_68' title='bbox 1122 1671 1229 1762; x_wconf 90' lang='lat' dir='ltr'><strong>igitur</strong></span> <span class='ocrx_word' id='word_1_69' title='bbox 1244 1682 1362 1742; x_wconf 84' lang='lat' dir='ltr'><strong>noster</strong></span> <span class='ocrx_word' id='word_1_70' title='bbox 1375 1675 1502 1744; x_wconf 85' lang='lat' dir='ltr'><strong>multas</strong></span> 
     </span>
     <span class='ocr_line' id='line_1_10' title="bbox 276 1787 1501 1879; baseline 0 -20"><span class='ocrx_word' id='word_1_71' title='bbox 276 1792 438 1860; x_wconf 85' lang='lat' dir='ltr'><strong>Graeciae</strong></span> <span class='ocrx_word' id='word_1_72' title='bbox 453 1800 488 1857; x_wconf 93' lang='lat' dir='ltr'><strong>et</strong></span> <span class='ocrx_word' id='word_1_73' title='bbox 500 1787 651 1857; x_wconf 84' lang='lat' dir='ltr'><strong>Orientis</strong></span> <span class='ocrx_word' id='word_1_74' title='bbox 674 1787 850 1878; x_wconf 84' lang='lat' dir='ltr'><strong>regiones,</strong></span> <span class='ocrx_word' id='word_1_75' title='bbox 876 1807 963 1879; x_wconf 89' lang='lat' dir='ltr'><strong>quas</strong></span> <span class='ocrx_word' id='word_1_76' title='bbox 991 1807 1101 1878; x_wconf 90' lang='lat' dir='ltr'><strong>paene</strong></span> <span class='ocrx_word' id='word_1_77' title='bbox 1121 1810 1209 1877; x_wconf 90' lang='lat' dir='ltr'><strong>puer</strong></span> <span class='ocrx_word' id='word_1_78' title='bbox 1226 1789 1298 1877; x_wconf 87' lang='lat' dir='ltr'><strong>jam</strong></span> <span class='ocrx_word' id='word_1_79' title='bbox 1322 1789 1501 1876; x_wconf 84' lang='lat' dir='ltr'><strong>inviserat,</strong></span> 
     </span>
     <span class='ocr_line' id='line_1_11' title="bbox 275 1901 1499 1994; baseline -0.001 -19"><span class='ocrx_word' id='word_1_80' title='bbox 275 1905 420 1975; x_wconf 89' lang='lat' dir='ltr'><strong>Lucullo</strong></span> <span class='ocrx_word' id='word_1_81' title='bbox 436 1904 593 1994; x_wconf 87' lang='lat' dir='ltr'><strong>duccper</strong></span> <span class='ocrx_word' id='word_1_82' title='bbox 608 1914 684 1972; x_wconf 90' lang='lat' dir='ltr'><strong>octo</strong></span> <span class='ocrx_word' id='word_1_83' title='bbox 699 1903 770 1972; x_wconf 83' lang='lat' dir='ltr'><strong>lere</strong></span> <span class='ocrx_word' id='word_1_84' title='bbox 781 1901 1027 1972; x_wconf 89' lang='lat' dir='ltr'><strong>annositerum</strong></span> <span class='ocrx_word' id='word_1_85' title='bbox 1039 1902 1210 1972; x_wconf 82' lang='lat' dir='ltr'><strong>lustravit.</strong></span> <span class='ocrx_word' id='word_1_86' title='bbox 1223 1903 1309 1972; x_wconf 91' lang='lat' dir='ltr'><strong>Nam</strong></span> <span class='ocrx_word' id='word_1_87' title='bbox 1321 1903 1499 1988; x_wconf 81' lang='lat' dir='ltr'><strong>Lucullus,</strong></span> 
     </span>
     <span class='ocr_line' id='line_1_12' title="bbox 275 2015 1501 2114; baseline 0.001 -25"><span class='ocrx_word' id='word_1_88' title='bbox 275 2031 473 2114; x_wconf 88' lang='lat' dir='ltr'><strong>postquam,</strong></span> <span class='ocrx_word' id='word_1_89' title='bbox 488 2019 584 2090; x_wconf 86' lang='lat' dir='ltr'><strong>velut</strong></span> <span class='ocrx_word' id='word_1_90' title='bbox 598 2027 798 2088; x_wconf 86' lang='lat' dir='ltr'><strong>antecursor</strong></span> <span class='ocrx_word' id='word_1_91' title='bbox 810 2015 944 2087; x_wconf 89' lang='lat' dir='ltr'><strong>Sullani</strong></span> <span class='ocrx_word' id='word_1_92' title='bbox 961 2017 1145 2101; x_wconf 83' lang='lat' dir='ltr'><strong>exercitus,</strong></span> <span class='ocrx_word' id='word_1_93' title='bbox 1155 2017 1329 2088; x_wconf 86' lang='lat' dir='ltr'><strong>Aenianes</strong></span> <span class='ocrx_word' id='word_1_94' title='bbox 1344 2031 1378 2088; x_wconf 89' lang='lat' dir='ltr'><strong>et</strong></span> <span class='ocrx_word' id='word_1_95' title='bbox 1389 2018 1501 2090; x_wconf 89' lang='lat' dir='ltr'><strong>Boeo-</strong></span> 
     </span>
     <span class='ocr_line' id='line_1_13' title="bbox 277 2132 1502 2229; baseline 0.001 -23"><span class='ocrx_word' id='word_1_96' title='bbox 277 2139 362 2206; x_wconf 88' lang='lat' dir='ltr'><strong>tiam</strong></span> <span class='ocrx_word' id='word_1_97' title='bbox 388 2137 538 2229; x_wconf 91' lang='lat' dir='ltr'><strong>primum</strong></span> <span class='ocrx_word' id='word_1_98' title='bbox 559 2134 745 2227; x_wconf 87' lang='lat' dir='ltr'><strong>recepisset</strong></span> <span class='ocrx_word' id='word_1_99' title='bbox 762 2148 787 2218; x_wconf 87' lang='lat'><strong>¹,</strong></span> <span class='ocrx_word' id='word_1_100' title='bbox 812 2133 988 2225; x_wconf 87' lang='lat' dir='ltr'><strong>aliquanto</strong></span> <span class='ocrx_word' id='word_1_101' title='bbox 1012 2132 1048 2202; x_wconf 88' lang='lat' dir='ltr'><strong>ia</strong></span> <span class='ocrx_word' id='word_1_102' title='bbox 1073 2132 1314 2226; x_wconf 86' lang='lat' dir='ltr'><strong>Peloponneso</strong></span> <span class='ocrx_word' id='word_1_103' title='bbox 1337 2135 1502 2228; x_wconf 87' lang='lat' dir='ltr'><strong>pecuniae</strong></span> 
     </span>
    </p>

    <p class='ocr_par' dir='ltr' id='par_1_6' title="bbox 227 2246 1517 4194">
     <span class='ocr_line' id='line_1_14' title="bbox 278 2246 1503 2342; baseline -0.002 -21"><span class='ocrx_word' id='word_1_104' title='bbox 278 2251 456 2322; x_wconf 88' lang='lat' dir='ltr'><strong>cudendae</strong></span> <span class='ocrx_word' id='word_1_105' title='bbox 472 2273 613 2342; x_wconf 89' lang='lat' dir='ltr'><strong>operam</strong></span> <span class='ocrx_word' id='word_1_106' title='bbox 627 2247 917 2341; x_wconf 86' lang='lat' dir='ltr'><strong>impendit,mox,</strong></span> <span class='ocrx_word' id='word_1_107' title='bbox 929 2246 1043 2317; x_wconf 91' lang='lat' dir='ltr'><strong>media</strong></span> <span class='ocrx_word' id='word_1_108' title='bbox 1056 2246 1170 2315; x_wconf 89' lang='lat' dir='ltr'><strong>hieme</strong></span> <span class='ocrx_word' id='word_1_109' title='bbox 1185 2247 1228 2316; x_wconf 91' lang='lat' dir='ltr'><strong>ab</strong></span> <span class='ocrx_word' id='word_1_110' title='bbox 1239 2248 1445 2341; x_wconf 86' lang='lat' dir='ltr'><strong>imperatore</strong></span> <span class='ocrx_word' id='word_1_111' title='bbox 1460 2251 1503 2320; x_wconf 94' lang='lat' dir='ltr'><strong>ad</strong></span> 
     </span>
     <span class='ocr_line' id='line_1_15' title="bbox 227 2345 1502 2459; baseline -0.002 -21"><span class='ocrx_word' id='word_1_112' title='bbox 227 2345 231 2360; x_wconf 50' lang='lat'>⁸</span> <span class='ocrx_word' id='word_1_113' title='bbox 279 2367 423 2438; x_wconf 88' lang='lat' dir='ltr'><strong>classem</strong></span> <span class='ocrx_word' id='word_1_114' title='bbox 456 2368 722 2459; x_wconf 85' lang='lat' dir='ltr'><strong>comparandam</strong></span> <span class='ocrx_word' id='word_1_115' title='bbox 749 2366 889 2448; x_wconf 89' lang='lat' dir='ltr'><strong>missus,</strong></span> <span class='ocrx_word' id='word_1_116' title='bbox 921 2364 1068 2448; x_wconf 85' lang='lat' dir='ltr'><strong>Cretam,</strong></span> <span class='ocrx_word' id='word_1_117' title='bbox 1100 2363 1267 2456; x_wconf 88' lang='lat' dir='ltr'><strong>Cyrenas,</strong></span> <span class='ocrx_word' id='word_1_118' title='bbox 1291 2367 1502 2458; x_wconf 85' lang='lat' dir='ltr'><strong>Aegyptum,</strong></span> 
     </span>
     <span class='ocr_line' id='line_1_16' title="bbox 280 2478 1507 2576; baseline -0.001 -24"><span class='ocrx_word' id='word_1_119' title='bbox 280 2483 488 2554; x_wconf 89' lang='lat' dir='ltr'><strong>Phoeniciae</strong></span> <span class='ocrx_word' id='word_1_120' title='bbox 506 2482 714 2574; x_wconf 88' lang='lat' dir='ltr'><strong>Ciliciaeque</strong></span> <span class='ocrx_word' id='word_1_121' title='bbox 738 2480 840 2550; x_wconf 91' lang='lat' dir='ltr'><strong>urbes</strong></span> <span class='ocrx_word' id='word_1_122' title='bbox 864 2503 908 2550; x_wconf 86' lang='lat' dir='ltr'><strong>ex</strong></span> <span class='ocrx_word' id='word_1_123' title='bbox 930 2480 1049 2550; x_wconf 88' lang='lat' dir='ltr'><strong>ordine</strong></span> <span class='ocrx_word' id='word_1_124' title='bbox 1073 2478 1192 2565; x_wconf 87' lang='lat' dir='ltr'><strong>adivit,</strong></span> <span class='ocrx_word' id='word_1_125' title='bbox 1218 2481 1345 2572; x_wconf 86' lang='lat' dir='ltr'><strong>ubique</strong></span> <span class='ocrx_word' id='word_1_126' title='bbox 1366 2483 1418 2576; x_wconf 81' lang='lat' dir='ltr'><strong>rai</strong></span> <span class='ocrx_word' id='word_1_127' title='bbox 1441 2507 1507 2576; x_wconf 91' lang='lat' dir='ltr'><strong>pu-</strong></span> 
     </span>
     <span class='ocr_line' id='line_1_17' title="bbox 280 2595 1507 2689; baseline 0 -21"><span class='ocrx_word' id='word_1_128' title='bbox 280 2599 390 2669; x_wconf 90' lang='lat' dir='ltr'><strong>blicae</strong></span> <span class='ocrx_word' id='word_1_129' title='bbox 407 2598 597 2670; x_wconf 76' lang='lat' dir='ltr'><strong>commodis</strong></span> <span class='ocrx_word' id='word_1_130' title='bbox 616 2597 729 2689; x_wconf 89' lang='lat' dir='ltr'><strong>magis</strong></span> <span class='ocrx_word' id='word_1_131' title='bbox 751 2619 854 2689; x_wconf 89' lang='lat' dir='ltr'><strong>quam</strong></span> <span class='ocrx_word' id='word_1_132' title='bbox 881 2619 994 2665; x_wconf 91' lang='lat' dir='ltr'><strong>rerum</strong></span> <span class='ocrx_word' id='word_1_133' title='bbox 1019 2595 1240 2664; x_wconf 88' lang='lat' dir='ltr'><strong>visendarum</strong></span> <span class='ocrx_word' id='word_1_134' title='bbox 1265 2598 1378 2667; x_wconf 89' lang='lat' dir='ltr'><strong>studio</strong></span> <span class='ocrx_word' id='word_1_135' title='bbox 1394 2600 1507 2668; x_wconf 92' lang='lat' dir='ltr'><strong>inten-</strong></span> 
     </span>
     <span class='ocr_line' id='line_1_18' title="bbox 283 2711 1506 2804; baseline 0 -20"><span class='ocrx_word' id='word_1_136' title='bbox 283 2726 337 2784; x_wconf 90' lang='lat' dir='ltr'><strong>tus</strong></span> <span class='ocrx_word' id='word_1_137' title='bbox 355 2725 365 2760; x_wconf 81' lang='lat'>⁸</span> <span class='ocrx_word' id='word_1_138' title='bbox 383 2739 392 2800; x_wconf 92' lang='lat'>;</span> <span class='ocrx_word' id='word_1_139' title='bbox 409 2715 640 2785; x_wconf 84' lang='lat' dir='ltr'><strong>Alexandriae</strong></span> <span class='ocrx_word' id='word_1_140' title='bbox 654 2723 772 2782; x_wconf 89' lang='lat' dir='ltr'><strong>tamen</strong></span> <span class='ocrx_word' id='word_1_141' title='bbox 786 2712 868 2781; x_wconf 90' lang='lat' dir='ltr'><strong>dum</strong></span> <span class='ocrx_word' id='word_1_142' title='bbox 883 2711 1057 2804; x_wconf 85' lang='lat' dir='ltr'><strong>paulisper</strong></span> <span class='ocrx_word' id='word_1_143' title='bbox 1076 2720 1279 2798; x_wconf 87' lang='lat' dir='ltr'><strong>moraretur,</strong></span> <span class='ocrx_word' id='word_1_144' title='bbox 1296 2714 1506 2786; x_wconf 88' lang='lat' dir='ltr'><strong>Antiochum</strong></span> 
     </span>
     <span class='ocr_line' id='line_1_19' title="bbox 283 2827 1504 2921; baseline 0.001 -21"><span class='ocrx_word' id='word_1_145' title='bbox 283 2841 317 2900; x_wconf 90' lang='lat' dir='ltr'><strong>et</strong></span> <span class='ocrx_word' id='word_1_146' title='bbox 332 2829 544 2901; x_wconf 86' lang='lat' dir='ltr'><strong>Heraclitum</strong></span> <span class='ocrx_word' id='word_1_147' title='bbox 559 2830 701 2921; x_wconf 88' lang='lat' dir='ltr'><strong>Tyrium</strong></span> <span class='ocrx_word' id='word_1_148' title='bbox 721 2827 945 2921; x_wconf 90' lang='lat' dir='ltr'><strong>philosophos</strong></span> <span class='ocrx_word' id='word_1_149' title='bbox 965 2827 1181 2919; x_wconf 89' lang='lat' dir='ltr'><strong>disputantes</strong></span> <span class='ocrx_word' id='word_1_150' title='bbox 1197 2828 1317 2898; x_wconf 90' lang='lat' dir='ltr'><strong>sedulo</strong></span> <span class='ocrx_word' id='word_1_151' title='bbox 1333 2831 1466 2900; x_wconf 85' lang='lat' dir='ltr'><strong>audivit</strong></span> <span class='ocrx_word' id='word_1_152' title='bbox 1480 2834 1504 2902; x_wconf 77' lang='lat'><strong>⁴.</strong></span> 
     </span>
     <span class='ocr_line' id='line_1_20' title="bbox 284 2943 1510 3040; baseline 0.001 -24"><span class='ocrx_word' id='word_1_153' title='bbox 284 2947 443 3017; x_wconf 88' lang='lat' dir='ltr'><strong>Secunda</strong></span> <span class='ocrx_word' id='word_1_154' title='bbox 466 2948 571 3040; x_wconf 91' lang='lat' dir='ltr'><strong>hujus</strong></span> <span class='ocrx_word' id='word_1_155' title='bbox 591 2945 671 3016; x_wconf 92' lang='lat' dir='ltr'><strong>belli</strong></span> <span class='ocrx_word' id='word_1_156' title='bbox 698 2945 825 3027; x_wconf 87' lang='lat' dir='ltr'><strong>bieme,</strong></span> <span class='ocrx_word' id='word_1_157' title='bbox 850 2943 1017 3015; x_wconf 87' lang='lat' dir='ltr'><strong>Lucullus</strong></span> <span class='ocrx_word' id='word_1_158' title='bbox 1042 2943 1218 3013; x_wconf 88' lang='lat' dir='ltr'><strong>ininsula</strong></span> <span class='ocrx_word' id='word_1_159' title='bbox 1246 2944 1357 3037; x_wconf 89' lang='lat' dir='ltr'><strong>Cypro</strong></span> <span class='ocrx_word' id='word_1_160' title='bbox 1384 2947 1510 3017; x_wconf 88' lang='lat' dir='ltr'><strong>stativa</strong></span> 
     </span>
     <span class='ocr_line' id='line_1_21' title="bbox 284 3057 1509 3153; baseline 0.002 -23"><span class='ocrx_word' id='word_1_161' title='bbox 284 3061 405 3132; x_wconf 91' lang='lat' dir='ltr'><strong>habuit</strong></span> <span class='ocrx_word' id='word_1_162' title='bbox 421 3085 430 3146; x_wconf 91' lang='grc'>;</span> <span class='ocrx_word' id='word_1_163' title='bbox 445 3059 602 3153; x_wconf 86' lang='lat' dir='ltr'><strong>proximo</strong></span> <span class='ocrx_word' id='word_1_164' title='bbox 616 3083 696 3130; x_wconf 90' lang='lat' dir='ltr'><strong>vere</strong></span> <span class='ocrx_word' id='word_1_165' title='bbox 718 3059 880 3130; x_wconf 89' lang='lat' dir='ltr'><strong>Rhodum</strong></span> <span class='ocrx_word' id='word_1_166' title='bbox 904 3057 1015 3151; x_wconf 88' lang='lat' dir='ltr'><strong>petiit,</strong></span> <span class='ocrx_word' id='word_1_167' title='bbox 1032 3059 1147 3151; x_wconf 91' lang='lat' dir='ltr'><strong>ibique</strong></span> <span class='ocrx_word' id='word_1_168' title='bbox 1164 3060 1379 3130; x_wconf 88' lang='lat' dir='ltr'><strong>Rhodiorum</strong></span> <span class='ocrx_word' id='word_1_169' title='bbox 1400 3064 1509 3133; x_wconf 90' lang='lat' dir='ltr'><strong>classe</strong></span> 
     </span>
     <span class='ocr_line' id='line_1_22' title="bbox 286 3175 1511 3270; baseline 0.003 -24"><span class='ocrx_word' id='word_1_170' title='bbox 286 3178 322 3247; x_wconf 90' lang='lat' dir='ltr'><strong>in</strong></span> <span class='ocrx_word' id='word_1_171' title='bbox 346 3177 546 3248; x_wconf 87' lang='lat' dir='ltr'><strong>societatem</strong></span> <span class='ocrx_word' id='word_1_172' title='bbox 567 3188 719 3270; x_wconf 88' lang='lat' dir='ltr'><strong>accepta,</strong></span> <span class='ocrx_word' id='word_1_173' title='bbox 743 3176 858 3268; x_wconf 88' lang='lat' dir='ltr'><strong>plures</strong></span> <span class='ocrx_word' id='word_1_174' title='bbox 876 3175 1008 3244; x_wconf 87' lang='lat' dir='ltr'><strong>insulae</strong></span> <span class='ocrx_word' id='word_1_175' title='bbox 1023 3176 1195 3268; x_wconf 87' lang='lat' dir='ltr'><strong>urbesque</strong></span> <span class='ocrx_word' id='word_1_176' title='bbox 1209 3177 1352 3248; x_wconf 89' lang='lat' dir='ltr'><strong>Asiatici</strong></span> <span class='ocrx_word' id='word_1_177' title='bbox 1371 3179 1511 3262; x_wconf 89' lang='lat' dir='ltr'><strong>littoris,</strong></span> 
     </span>
     <span class='ocr_line' id='line_1_23' title="bbox 287 3290 1510 3390; baseline 0.001 -25"><span class='ocrx_word' id='word_1_178' title='bbox 287 3295 409 3382; x_wconf 89' lang='lat' dir='ltr'><strong>Coum,</strong></span> <span class='ocrx_word' id='word_1_179' title='bbox 434 3293 598 3388; x_wconf 83' lang='lat' dir='ltr'><strong>Cnidum,</strong></span> <span class='ocrx_word' id='word_1_180' title='bbox 619 3291 777 3377; x_wconf 86' lang='lat' dir='ltr'><strong>Samum,</strong></span> <span class='ocrx_word' id='word_1_181' title='bbox 805 3291 945 3375; x_wconf 86' lang='lat' dir='ltr'><strong>Chium,</strong></span> <span class='ocrx_word' id='word_1_182' title='bbox 970 3290 1205 3382; x_wconf 71' lang='lat' dir='ltr'><strong>Colophonem</strong></span> <span class='ocrx_word' id='word_1_183' title='bbox 1227 3293 1260 3362; x_wconf 85' lang='lat' dir='ltr'><strong>vi</strong></span> <span class='ocrx_word' id='word_1_184' title='bbox 1289 3306 1348 3363; x_wconf 86' lang='lat' dir='ltr'><strong>aut</strong></span> <span class='ocrx_word' id='word_1_185' title='bbox 1369 3319 1510 3390; x_wconf 86' lang='lat' dir='ltr'><strong>persua·</strong></span> 
     </span>
     <span class='ocr_line' id='line_1_24' title="bbox 287 3405 1510 3500; baseline 0 -20"><span class='ocrx_word' id='word_1_186' title='bbox 287 3412 383 3481; x_wconf 88' lang='lat' dir='ltr'><strong>sione</strong></span> <span class='ocrx_word' id='word_1_187' title='bbox 408 3433 506 3493; x_wconf 89' lang='lat' dir='ltr'><strong>usus,</strong></span> <span class='ocrx_word' id='word_1_188' title='bbox 530 3407 670 3500; x_wconf 87' lang='lat' dir='ltr'><strong>aregiis</strong></span> <span class='ocrx_word' id='word_1_189' title='bbox 688 3406 871 3499; x_wconf 88' lang='lat' dir='ltr'><strong>praesidiis</strong></span> <span class='ocrx_word' id='word_1_190' title='bbox 889 3405 1059 3476; x_wconf 86' lang='lat' dir='ltr'><strong>liberavit.</strong></span> <span class='ocrx_word' id='word_1_191' title='bbox 1076 3405 1208 3476; x_wconf 90' lang='lat' dir='ltr'><strong>Deinde</strong></span> <span class='ocrx_word' id='word_1_192' title='bbox 1228 3409 1353 3500; x_wconf 92' lang='lat' dir='ltr'><strong>oppido</strong></span> <span class='ocrx_word' id='word_1_193' title='bbox 1374 3410 1510 3494; x_wconf 88' lang='lat' dir='ltr'><strong>Pitane,</strong></span> 
     </span>
     <span class='ocr_line' id='line_1_25' title="bbox 288 3521 1512 3617; baseline -0.001 -21"><span class='ocrx_word' id='word_1_194' title='bbox 288 3527 346 3596; x_wconf 91' lang='lat' dir='ltr'><strong>ubi</strong></span> <span class='ocrx_word' id='word_1_195' title='bbox 361 3536 443 3596; x_wconf 88' lang='lat' dir='ltr'><strong>tunc</strong></span> <span class='ocrx_word' id='word_1_196' title='bbox 463 3525 682 3598; x_wconf 81' lang='lat' dir='ltr'><strong>Mithridates</strong></span> <span class='ocrx_word' id='word_1_197' title='bbox 694 3522 929 3606; x_wconf 85' lang='lat' dir='ltr'><strong>obsidebatur,</strong></span> <span class='ocrx_word' id='word_1_198' title='bbox 946 3521 1257 3614; x_wconf 87' lang='lat' dir='ltr'><strong>praeternavigato,</strong></span> <span class='ocrx_word' id='word_1_199' title='bbox 1273 3524 1404 3617; x_wconf 88' lang='lat' dir='ltr'><strong>regiam</strong></span> <span class='ocrx_word' id='word_1_200' title='bbox 1424 3527 1512 3595; x_wconf 88' lang='lat' dir='ltr'><strong>olas-</strong></span> 
     </span>
     <span class='ocr_line' id='line_1_26' title="bbox 289 3637 1512 3732; baseline -0.002 -20"><span class='ocrx_word' id='word_1_201' title='bbox 289 3665 363 3712; x_wconf 89' lang='lat' dir='ltr'><strong>sem</strong></span> <span class='ocrx_word' id='word_1_202' title='bbox 389 3641 445 3712; x_wconf 83' lang='lat' dir='ltr'><strong>bis</strong></span> <span class='ocrx_word' id='word_1_203' title='bbox 473 3641 624 3732; x_wconf 82' lang='lat' dir='ltr'><strong>lugarit;</strong></span> <span class='ocrx_word' id='word_1_204' title='bbox 655 3639 787 3726; x_wconf 90' lang='lat' dir='ltr'><strong>Sullae,</strong></span> <span class='ocrx_word' id='word_1_205' title='bbox 814 3638 975 3708; x_wconf 88' lang='lat' dir='ltr'><strong>victrices</strong></span> <span class='ocrx_word' id='word_1_206' title='bbox 998 3637 1115 3728; x_wconf 86' lang='lat' dir='ltr'><strong>copias</strong></span> <span class='ocrx_word' id='word_1_207' title='bbox 1143 3661 1162 3708; x_wconf 91' lang='lat' dir='ltr'><strong>e</strong></span> <span class='ocrx_word' id='word_1_208' title='bbox 1190 3638 1335 3708; x_wconf 87' lang='lat' dir='ltr'><strong>Thracia</strong></span> <span class='ocrx_word' id='word_1_209' title='bbox 1363 3641 1512 3732; x_wconf 87' lang='lat' dir='ltr'><strong>ducenti,</strong></span> 
     </span>
     <span class='ocr_line' id='line_1_27' title="bbox 289 3753 1516 3848; baseline 0.004 -23"><span class='ocrx_word' id='word_1_210' title='bbox 289 3766 402 3826; x_wconf 87' lang='lat' dir='ltr'><strong>tutum</strong></span> <span class='ocrx_word' id='word_1_211' title='bbox 414 3777 476 3848; x_wconf 90' lang='lat' dir='ltr'><strong>per</strong></span> <span class='ocrx_word' id='word_1_212' title='bbox 496 3755 760 3847; x_wconf 86' lang='lat' dir='ltr'><strong>Hellespontum</strong></span> <span class='ocrx_word' id='word_1_213' title='bbox 780 3755 960 3844; x_wconf 89' lang='lat' dir='ltr'><strong>trajectum</strong></span> <span class='ocrx_word' id='word_1_214' title='bbox 975 3753 1157 3845; x_wconf 87' lang='lat' dir='ltr'><strong>praestitit.</strong></span> <span class='ocrx_word' id='word_1_215' title='bbox 1181 3755 1268 3825; x_wconf 86' lang='lat' dir='ltr'><strong>Pace</strong></span> <span class='ocrx_word' id='word_1_216' title='bbox 1288 3777 1366 3825; x_wconf 89' lang='lat' dir='ltr'><strong>cum</strong></span> <span class='ocrx_word' id='word_1_217' title='bbox 1386 3759 1516 3830; x_wconf 89' lang='lat' dir='ltr'><strong>Mithri·</strong></span> 
     </span>
     <span class='ocr_line' id='line_1_28' title="bbox 289 3866 1515 3962; baseline 0.003 -20"><span class='ocrx_word' id='word_1_218' title='bbox 289 3875 369 3943; x_wconf 88' lang='lat' dir='ltr'><strong>date</strong></span> <span class='ocrx_word' id='word_1_219' title='bbox 390 3871 482 3944; x_wconf 82' lang='lat' dir='ltr'><strong>facta</strong></span> <span class='ocrx_word' id='word_1_220' title='bbox 504 3871 674 3962; x_wconf 82' lang='lat' dir='ltr'><strong>rebusque</strong></span> <span class='ocrx_word' id='word_1_221' title='bbox 697 3891 758 3962; x_wconf 90' lang='lat' dir='ltr'><strong>per</strong></span> <span class='ocrx_word' id='word_1_222' title='bbox 779 3868 900 3938; x_wconf 87' lang='lat' dir='ltr'><strong>Asiam</strong></span> <span class='ocrx_word' id='word_1_223' title='bbox 928 3866 1109 3950; x_wconf 86' lang='lat' dir='ltr'><strong>ordinatis,</strong></span> <span class='ocrx_word' id='word_1_224' title='bbox 1134 3868 1233 3939; x_wconf 89' lang='lat' dir='ltr'><strong>Sulla</strong></span> <span class='ocrx_word' id='word_1_225' title='bbox 1260 3870 1291 3940; x_wconf 89' lang='lat' dir='ltr'><strong>ei</strong></span> <span class='ocrx_word' id='word_1_226' title='bbox 1318 3873 1515 3962; x_wconf 86' lang='lat' dir='ltr'><strong>provinciae</strong></span> 
     </span>
     <span class='ocr_line' id='line_1_29' title="bbox 290 3981 1517 4082; baseline 0.002 -25"><span class='ocrx_word' id='word_1_227' title='bbox 290 3987 471 4058; x_wconf 84' lang='lat' dir='ltr'><strong>Murenam</strong></span> <span class='ocrx_word' id='word_1_228' title='bbox 499 4008 561 4078; x_wconf 90' lang='lat' dir='ltr'><strong>pro</strong></span> <span class='ocrx_word' id='word_1_229' title='bbox 594 3993 752 4076; x_wconf 88' lang='lat' dir='ltr'><strong>praetore</strong></span> <span class='ocrx_word' id='word_1_230' title='bbox 779 3981 937 4075; x_wconf 88' lang='lat' dir='ltr'><strong>imponit,</strong></span> <span class='ocrx_word' id='word_1_231' title='bbox 970 3981 1027 4052; x_wconf 90' lang='lat' dir='ltr'><strong>cui</strong></span> <span class='ocrx_word' id='word_1_232' title='bbox 1054 4005 1117 4074; x_wconf 90' lang='lat' dir='ltr'><strong>pro</strong></span> <span class='ocrx_word' id='word_1_233' title='bbox 1145 3995 1329 4076; x_wconf 86' lang='lat' dir='ltr'><strong>quaestore</strong></span> <span class='ocrx_word' id='word_1_234' title='bbox 1360 3988 1517 4082; x_wconf 87' lang='lat' dir='ltr'><strong>adjungit</strong></span> 
     </span>
     <span class='ocr_line' id='line_1_30' title="bbox 291 4097 1516 4194; baseline 0.002 -21"><span class='ocrx_word' id='word_1_235' title='bbox 291 4105 489 4174; x_wconf 91' lang='lat' dir='ltr'><strong>Lucullum.</strong></span> <span class='ocrx_word' id='word_1_236' title='bbox 519 4102 585 4172; x_wconf 89' lang='lat' dir='ltr'><strong>Hio</strong></span> <span class='ocrx_word' id='word_1_237' title='bbox 613 4100 786 4194; x_wconf 89' lang='lat' dir='ltr'><strong>reliquum</strong></span> <span class='ocrx_word' id='word_1_238' title='bbox 813 4099 923 4170; x_wconf 87' lang='lat' dir='ltr'><strong>civilis</strong></span> <span class='ocrx_word' id='word_1_239' title='bbox 952 4097 1033 4167; x_wconf 93' lang='lat' dir='ltr'><strong>belli</strong></span> <span class='ocrx_word' id='word_1_240' title='bbox 1066 4122 1105 4170; x_wconf 91' lang='lat' dir='ltr'><strong>ac</strong></span> <span class='ocrx_word' id='word_1_241' title='bbox 1136 4100 1297 4172; x_wconf 90' lang='lat' dir='ltr'><strong>Sullanae</strong></span> <span class='ocrx_word' id='word_1_242' title='bbox 1327 4105 1516 4176; x_wconf 88' lang='lat' dir='ltr'><strong>dictaturae</strong></span> 
     </span>
    </p>
   </div>
   <div class='ocr_carea' id='block_1_6' title="bbox 294 4369 1518 4765">
    <p class='ocr_par' dir='ltr' id='par_1_7' title="bbox 328 4369 919 4443">
     <span class='ocr_line' id='line_1_31' title="bbox 328 4369 919 4443; baseline -0.003 -15"><span class='ocrx_word' id='word_1_243' title='bbox 328 4373 354 4428; x_wconf 88' lang='lat' dir='ltr'><strong>l.</strong></span> <span class='ocrx_word' id='word_1_244' title='bbox 374 4371 443 4439; x_wconf 82' lang='lat' dir='ltr'><strong>Cia,</strong></span> <span class='ocrx_word' id='word_1_245' title='bbox 457 4373 549 4428; x_wconf 85' lang='lat' dir='ltr'><strong>Accd.</strong></span> <span class='ocrx_word' id='word_1_246' title='bbox 563 4373 667 4443; x_wconf 64' lang='lat' dir='ltr'><strong>prior,</strong></span> <span class='ocrx_word' id='word_1_247' title='bbox 682 4369 718 4440; x_wconf 92' lang='lat' dir='ltr'><strong>ll,</strong></span> <span class='ocrx_word' id='word_1_248' title='bbox 734 4385 771 4440; x_wconf 82' lang='lat' dir='ltr'><strong>rr,</strong></span> <span class='ocrx_word' id='word_1_249' title='bbox 786 4369 834 4436; x_wconf 91' lang='lat' dir='ltr'><strong>ll;</strong></span> <span class='ocrx_word' id='word_1_250' title='bbox 848 4387 877 4441; x_wconf 87' lang='lat' dir='ltr'><strong>rr,</strong></span> <span class='ocrx_word' id='word_1_251' title='bbox 894 4371 919 4426; x_wconf 87' lang='lat' dir='ltr'><strong>l.</strong></span> 
     </span>
    </p>

    <p class='ocr_par' dir='ltr' id='par_1_8' title="bbox 294 4449 1518 4604">
     <span class='ocr_line' id='line_1_32' title="bbox 326 4449 1518 4534; baseline 0.006 -25"><span class='ocrx_word' id='word_1_252' title='bbox 326 4456 355 4509; x_wconf 86' lang='lat'><strong>2.</strong></span> <span class='ocrx_word' id='word_1_253' title='bbox 378 4449 552 4518; x_wconf 87' lang='lat' dir='ltr'><strong>Plutarchus,</strong></span> <span class='ocrx_word' id='word_1_254' title='bbox 572 4453 656 4521; x_wconf 66' lang='lat' dir='ltr'><strong>Sall„</strong></span> <span class='ocrx_word' id='word_1_255' title='bbox 680 4453 724 4509; x_wconf 92' lang='lat' dir='ltr'><strong>ll.</strong></span> <span class='ocrx_word' id='word_1_256' title='bbox 741 4450 809 4506; x_wconf 86' lang='lat' dir='ltr'><strong>Vide</strong></span> <span class='ocrx_word' id='word_1_257' title='bbox 824 4450 1028 4524; x_wconf 86' lang='lat' dir='ltr'><strong>inscriptionem</strong></span> <span class='ocrx_word' id='word_1_258' title='bbox 1043 4451 1197 4509; x_wconf 84' lang='lat' dir='ltr'><strong>Aenianum</strong></span> <span class='ocrx_word' id='word_1_259' title='bbox 1219 4452 1293 4527; x_wconf 87' lang='lat' dir='ltr'><strong>apud</strong></span> <span class='ocrx_word' id='word_1_260' title='bbox 1317 4453 1518 4534; x_wconf 86' lang='lat' dir='ltr'><strong>Dittenherger,</strong></span> 
     </span>
     <span class='ocr_line' id='line_1_33' title="bbox 294 4533 537 4604; baseline 0.012 -13"><span class='ocrx_word' id='word_1_261' title='bbox 294 4533 415 4604; x_wconf 66' lang='lat' dir='ltr'><strong>Sylloge,</strong></span> <span class='ocrx_word' id='word_1_262' title='bbox 431 4550 458 4592; x_wconf 91' lang='lat' dir='ltr'><strong>n.</strong></span> <span class='ocrx_word' id='word_1_263' title='bbox 473 4535 537 4594; x_wconf 82' lang='lat'><strong>256.</strong></span> 
     </span>
    </p>

    <p class='ocr_par' dir='ltr' id='par_1_9' title="bbox 329 4610 602 4682">
     <span class='ocr_line' id='line_1_34' title="bbox 329 4610 602 4682; baseline -0.004 -13"><span class='ocrx_word' id='word_1_264' title='bbox 329 4615 357 4669; x_wconf 87' lang='grc'><strong>3.</strong></span> <span class='ocrx_word' id='word_1_265' title='bbox 380 4610 466 4682; x_wconf 72' lang='lat' dir='ltr'><strong>Pleu,</strong></span> <span class='ocrx_word' id='word_1_266' title='bbox 482 4615 559 4682; x_wconf 73' lang='lat' dir='ltr'><strong>Luc,</strong></span> <span class='ocrx_word' id='word_1_267' title='bbox 573 4613 602 4668; x_wconf 85' lang='lat'><strong>2.</strong></span> 
     </span>
    </p>

    <p class='ocr_par' dir='ltr' id='par_1_10' title="bbox 332 4691 884 4765">
     <span class='ocr_line' id='line_1_35' title="bbox 332 4691 884 4765; baseline -0.002 -15"><span class='ocrx_word' id='word_1_268' title='bbox 332 4694 359 4750; x_wconf 81' lang='lat' dir='ltr'><strong>l.</strong></span> <span class='ocrx_word' id='word_1_269' title='bbox 379 4691 436 4750; x_wconf 86' lang='lat' dir='ltr'><strong>Cia.</strong></span> <span class='ocrx_word' id='word_1_270' title='bbox 450 4695 551 4764; x_wconf 73' lang='lat' dir='ltr'><strong>Acad„</strong></span> <span class='ocrx_word' id='word_1_271' title='bbox 563 4695 667 4765; x_wconf 67' lang='lat' dir='ltr'><strong>prior„</strong></span> <span class='ocrx_word' id='word_1_272' title='bbox 683 4693 773 4762; x_wconf 83' lang='lat' dir='ltr'><strong>11,1v,</strong></span> <span class='ocrx_word' id='word_1_273' title='bbox 789 4693 884 4752; x_wconf 64' lang='lat'><strong>1142.</strong></span> 
     </span>
    </p>
   </div>
   <div class='ocr_carea' id='block_1_7' title="bbox 0 0 1956 5786">
    <p class='ocr_par' dir='ltr' id='par_1_11' title="bbox 0 0 1956 5786">
     <span class='ocr_line' id='line_1_36' title="bbox 0 0 1956 5786; baseline 0 0"><span class='ocrx_word' id='word_1_274' title='bbox 0 0 1956 5786; x_wconf 95' lang='lat' dir='ltr'><strong> </strong></span> 
     </span>
    </p>
   </div>
  </div>
 </body>
</html>
