3830 5786
773 707 951 772 ..17-

247 871 301 940 eui
312 871 461 942 mercedi
475 872 540 942 soli
551 873 644 943 cives
655 874 790 944 romani
804 873 1084 944 admittebantur.
1095 873 1322 967 Triumphum
1333 877 1471 949 Luculli

246 985 466 1058 inimicorum
481 989 672 1059 simultates
685 989 771 1060 adeo
787 989 1047 1059 retardaverunt
1063 999 1100 1059 ut
1114 992 1188 1081 ejus
1201 1013 1339 1062 currum
1351 994 1471 1064 Cicero

247 1105 367 1172 consul
384 1105 523 1176 demum
545 1106 581 1175 in
597 1106 726 1178 Urbem
743 1106 917 1176 induxerit
933 1108 964 1190 ¹3
985 1105 1108 1176 eodem
1128 1129 1216 1176 anno
1235 1109 1382 1178 Archiae
1397 1133 1471 1180 car-

246 1242 325 1289 men
343 1220 379 1290 in
401 1220 514 1290 lucem
534 1221 702 1314 prodiisse
722 1222 872 1308 credam,
891 1221 1016 1315 quippe
1037 1220 1130 1314 quod
1149 1224 1371 1315 sequentibus
1387 1248 1470 1296 eon-

247 1335 379 1406 sulibus
399 1339 474 1430 J'am
499 1337 533 1407 in
554 1338 710 1410 omnium
731 1338 891 1410 manibus
914 1360 953 1409 ac
971 1337 1139 1408 memoria
1161 1351 1336 1440 versatum
1362 1341 1470 1413 fuisse

244 1452 415 1524 videatur.

288 1693 398 1766 XVII.
432 1696 552 1790 Itaque
583 1698 746 1783 Archias,
776 1721 847 1768 non
878 1687 929 1768 rei
960 1698 1151 1784 familiaris,
1181 1719 1250 1766 non
1280 1697 1466 1767 illustrium

245 1810 371 1880 civium
388 1812 559 1884 amicitiae
580 1812 732 1906 indigus,
757 1837 913 1884 securam
938 1824 1148 1884 senectutem
1176 1835 1240 1882 nec
1261 1814 1334 1882 sine
1355 1813 1469 1906 gloria

244 1927 394 1997 futuram
411 1929 642 2022 exspectabat,
664 1953 742 2000 cum
762 1941 902 2024 repente
919 1941 994 2000 orta
1008 1953 1049 2000 ex
1067 1929 1213 2000 obscuro
1226 1930 1302 1998 loco
1317 1931 1468 2022 procella

244 2043 397 2135 quietem
426 2048 500 2136 ejus
530 2045 667 2139 penitus
696 2046 915 2118 conturbavit
943 2057 977 2116 et
1004 2056 1140 2138 poetam
1168 2046 1255 2115 nihil
1284 2045 1466 2115 talemani-

243 2169 316 2228 tum
341 2184 383 2229 ex
408 2183 543 2232 summo
568 2162 709 2253 fastigio
736 2163 807 2232 fere
837 2162 879 2231 ad
907 2162 1016 2232 imum
1044 2161 1177 2255 dejecit.
1209 2161 1347 2232 Gratius
1371 2161 1465 2230 enim

243 2275 383 2364 quidam
417 2277 535 2368 (homo
559 2278 714 2371 alioquin
743 2279 886 2369 ignotus
914 2288 959 2365 et,
990 2289 1027 2347 ut
1050 2277 1197 2363 videtur,
1218 2277 1327 2346 neruis
1345 2275 1467 2346 elicitis·

242 2391 365 2462 mobile
390 2393 556 2486 liqnoov)
584 2394 760 2472 Archiam,
783 2419 825 2464 ex
850 2395 929 2486 lege
960 2395 1080 2488 Papia,
1113 2393 1260 2463 civitatis
1292 2416 1364 2462 non
1387 2397 1465 2486 jure

242 2519 426 2600 occupatae
440 2510 663 2581 insimulavit.
682 2511 780 2580 Hauc
798 2511 1054 2581 accusationem
1072 2533 1142 2580 non
1162 2520 1230 2580 tam
1247 2509 1291 2579 ad
1305 2509 1466 2579 clientem

242 2648 345 2717 quam
374 2625 417 2695 ad
447 2637 630 2718 patronum
659 2629 734 2719 ejus
764 2627 985 2719 spectavisse,
1016 2650 1092 2696 mos
1117 2627 1222 2720 hujus
1246 2626 1367 2696 aetatis
1390 2648 1467 2694 sua-

241 2740 298 2810 det
324 2751 364 2810 ut
387 2742 588 2812 credamus:
612 2741 648 2812 in
669 2741 841 2836 judicium
871 2753 974 2836 eaput
989 2743 1149 2830 Archiae,
1175 2744 1303 2813 lactum
1330 2740 1466 2812 Luculli

239 2859 457 2930 vocabatur³.
477 2859 690 2944 Quibusnam
706 2859 956 2950 instigantibus
971 2859 1160 2929 incertum:
1176 2860 1360 2929 Lucullum
1374 2858 1465 2928 enim

239 2982 279 3041 ut
288 2973 446 3042 militaris
462 2973 584 3062 gloria,
600 2983 639 3042 ut
654 2972 807 3055 divitiae,
823 2971 872 3040 ita
885 2971 1014 3041 invidia
1030 2982 1130 3064 atque
1159 2970 1463 3040 innumerabilium

239 3087 366 3158 civium
389 3089 532 3158 ollensio
558 3087 830 3180 distinguebant,
855 3086 914 3177 qui
936 3088 1118 3177 populares
1141 3085 1312 3179 superbis,
1333 3085 1463 3154 milites

238 3204 432 3291 severitate,
449 3204 601 3298 equitem
617 3204 816 3273 innocentia
834 3212 869 3271 et
886 3201 1025 3292 legibus
1043 3203 1208 3271 adversus
1225 3202 1460 3270 foeneratores

237 3319 273 3388 in
302 3320 388 3390 Asia
421 3320 629 3405 constitutis,
662 3341 804 3411 prorsus
832 3317 895 3388 sibi
922 3317 1143 3387 alienaverat.
1174 3318 1261 3388 Cum
1293 3316 1459 3408 Pompeio

236 3446 369 3506 veteres
397 3436 590 3507 simultates
623 3458 721 3528 quas,
752 3435 812 3504 diu
842 3434 1007 3516 obtectas,
1036 3443 1115 3526 post
1140 3435 1254 3525 legem
1283 3432 1459 3503 Maniliam

236 3560 270 3621 et
298 3562 452 3645 ereptum
482 3553 628 3624 Lucullo
659 3551 910 3638 Mithridatem,
942 3551 1043 3622 ambo
1075 3575 1254 3644 erumpere
1285 3550 1457 3633 siverunt3

236 3669 391 3764 Pompeii
410 3680 524 3742 autern
545 3693 587 3739 ex
607 3669 747 3738 Oriente
770 3668 995 3739 nuntiabatur
1020 3668 1164 3754 reditus,
1183 3667 1349 3738 adventus
1372 3687 1457 3759 quo-

236 3786 318 3856 tidie
334 3783 606 3878 exspectabatur.
681 3784 685 3791 ’

278 4019 405 4091 XVIII.
422 4019 632 4112 Legitimum
648 4015 875 4088 accusationis
887 4014 1148 4085 fundamentum
1163 4008 1394 4106 suppeditavit
1403 4011 1459 4080 lex

234 4159 362 4231 paucos
378 4146 457 4206 ante
472 4157 594 4220 annos,
612 4156 702 4205 anno
717 4134 759 4205 U.
778 4135 815 4204 e.
831 4133 910 4210 689,
926 4131 997 4201 aC.
1014 4131 1121 4223 Papio
1137 4141 1180 4201 tr.
1205 4128 1252 4221 pl.
1269 4128 1351 4211 lata,
1368 4149 1456 4220 quae

233 4253 434 4346 peregrinos
445 4253 576 4323 Romae
592 4249 772 4340 degentes,
791 4271 939 4340 quorum
952 4247 1076 4339 ingens
1086 4244 1270 4316 multitudo
1284 4245 1368 4328 erat,
1385 4267 1458 4312 om·

233 4391 308 4454 nes,
317 4392 385 4439 uno
396 4368 547 4459 quodam
556 4365 743 4458 Glaucippo
754 4362 1007 4458 excepto,Urbe
1019 4362 1095 4455 ejici
1102 4363 1289 4454 jusserat⁴;
1302 4382 1390 4452 quae
1401 4359 1457 4428 lex

269 4601 294 4658 I.
315 4601 382 4668 Cin,
400 4601 486 4658 Acod.
495 4601 597 4670 pelea,
612 4599 647 4668 II,
664 4615 681 4666 r,
697 4599 723 4656 3.

266 4682 294 4736 2.
315 4681 421 4750 Horat,
437 4681 509 4751 Set,
531 4680 566 4746 ll,
582 4697 628 4750 vn,
644 4681 689 4735 82.

265 4763 293 4818 3.
313 4761 364 4834 Cp.
378 4762 446 4830 Cic,
462 4765 515 4820 Pro
526 4761 620 4830 Bulbo,
638 4759 686 4826 Ill,
704 4761 733 4815 6.

265 4841 292 4901 t.
313 4843 364 4901 DIo
377 4843 501 4912 Cassius,
513 4839 678 4911 xxxv11,7
690 4858 698 4908 ;
714 4838 784 4906 Cic..
798 4840 836 4895 De
851 4839 914 4909 off„
929 4836 979 4908 III,
993 4853 1032 4906 xi,
1048 4837 1099 4906 473
1115 4835 1208 4894 Scbol.
1221 4835 1290 4894 Bob.
1300 4836 1329 4892 io
1340 4835 1454 4892 brebia·

1276 4964 1296 5026 2
