3830 5786
924 649 1100 716 ..42-

400 815 488 906 Agis
504 815 666 908 Argiuus,
681 816 785 886 Cleon
801 818 949 901 Siculus,
962 818 1187 895 Aeschrion¹;
1201 839 1289 909 qnos
1308 817 1416 887 sacnti
1429 819 1624 910 Antigonus

403 930 580 1020 Carystius
602 954 720 1023 regern
740 933 993 1023 Antipatrum²,
1019 933 1217 1004 Simonides
1247 930 1390 1025 Magnes
1417 933 1624 1003 Antiochum

404 1042 595 1127 Sotercm⁸‚
621 1047 782 1115 Musaeus
806 1057 840 1114 et
862 1046 1049 1116 Laschides
1079 1069 1179 1136 reges
1203 1047 1450 1136 Pergamenos,
1477 1047 1624 1141 denique

404 1160 602 1228 Heraclides
615 1161 757 1248 Magnes
771 1161 1004 1232 Mithridatem
1019 1163 1239 1254 Eupatorem,
1252 1163 1455 1233 Theodorus
1468 1164 1624 1255 reginam

403 1275 1625 1371 Cleopatramcarminibusdecoraveruntlllorumigiturartemquando

401 1389 547 1461 Archias
557 1393 702 1462 Romam
713 1396 898 1464 transferre
913 1395 1133 1484 excogitavit,
1146 1417 1186 1463 eo
1198 1395 1370 1485 acceptior
1381 1396 1546 1465 Romanis
1560 1396 1626 1465 iult

401 1508 493 1599 quod
514 1509 606 1598 apud
630 1507 728 1595 illud,
746 1520 784 1578 ut
797 1511 846 1579 ita
861 1510 986 1596 dicam,
1003 1513 1161 1602 jejunum
1178 1510 1359 1580 hominum
1376 1532 1498 1600 genus,
1515 1511 1624 1581 bisto-

401 1623 483 1706 rica,
499 1623 605 1692 immo
623 1625 757 1695 annalis
772 1627 887 1717 poesis
904 1648 1040 1718 semper
1054 1626 1090 1694 in
1104 1626 1235 1694 honore
1251 1625 1327 1711 fuit,
1347 1627 1494 1696 Romani
1509 1638 1624 1698 autem

402 1739 506 1808 ducas
528 1741 739 1832 poeticarum
758 1742 899 1811 laudum
924 1764 1060 1832 semper
1082 1739 1274 1810 avidissimi
1289 1742 1514 1812 exstiterunt:
1534 1744 1626 1836 quod

402 1866 586 1948 utrumque
607 1857 690 1926 satis
717 1866 886 1926 testantur
901 1857 1018 1938 Ennii,
1035 1856 1161 1938 Hostii,
1182 1857 1292 1940 Accii,
1309 1857 1456 1926 aliorum
1477 1859 1626 1928 celeber-

401 1971 490 2040 rima
517 1971 680 2042 carmina.
710 1973 861 2042 Sullanis
897 1995 978 2042 vero
1009 1973 1232 2063 temporibus,
1265 1973 1501 2042 Romanorum
1531 1973 1627 2066 epioe

400 2089 515 2180 poesis
537 2090 623 2158 adeo
647 2089 783 2180 jacebat
799 2101 838 2158 ut
859 2093 931 2179 jam
952 2089 994 2158 ad
1021 2090 1193 2181 Hispanos
1219 2099 1337 2180 poetas
1352 2104 1363 2138 ⁴
1378 2098 1412 2158 et
1433 2078 1627 2160 hordeort'os

399 2206 562 2272 rhetores*
579 2205 726 2273 Metellis
743 2215 777 2274 et
791 2206 910 2275 Mariis
933 2215 1024 2274 esset
1045 2204 1326 2298 confugiendum.
1353 2205 1415 2274 His
1436 2206 1626 2274 carminum

400 2320 663 2390 fabricatoribus
691 2322 839 2391 Archiae
863 2323 975 2391 laeilis
999 2331 1034 2389 et
1065 2319 1296 2413 grandiloqua
1319 2321 1418 2390 Musa
1441 2343 1523 2389 mox
1545 2323 1625 2391 cali·
1732 2305 1741 2325 ¹

400 2435 516 2525 ginem
545 2435 699 2506 obduxit.
733 2437 911 2508 Sermonis
931 2459 1012 2508 vero
1042 2436 1271 2530 peregrinitas
1292 2444 1424 2505 tantum
1454 2436 1564 2506 abfuit
1588 2447 1626 2504 nt

398 2551 543 2643 inceptis
563 2555 639 2644 ejus
654 2563 805 2638 noceret,
824 2565 862 2622 ut
879 2563 998 2623 contra
1012 2553 1098 2622 nihil
1115 2574 1194 2623 eum
1212 2551 1326 2643 magis
1343 2552 1624 2622 ambitiosissime

399 2667 521 2759 cuique
548 2669 805 2738 commendaret
821 2695 831 2754 3
849 2668 991 2752 scilicet,
1011 2679 1051 2736 ut
1065 2667 1113 2736 ait
1128 2665 1259 2751 Cicero,
1283 2689 1408 2755 praeca
1436 2679 1510 2735 tum
1536 2668 1625 2758 lepe-

401 2784 529 2853 beotur
540 2784 578 2852 in
590 2783 746 2854 omuibus
756 2787 829 2876 sere
844 2784 1013 2876 pentibus,
1027 2785 1134 2854 latina
1144 2783 1213 2852 seis
1228 2781 1365 2874 finibus,
1383 2782 1514 2874 eripuis
1530 2806 1625 2868 sanc,

399 2900 685 2968 continebanturt.

440 3133 532 3202 XIII.
565 3135 614 3203 Da
638 3133 750 3224 primo
763 3134 914 3204 Archiae
932 3132 1098 3216 carmine,
1116 3132 1248 3204 scilicet
1270 3133 1453 3218 Cimbrico,
1476 3157 1518 3202 ex
1535 3134 1626 3204 Cice-

397 3249 491 3318 ronis
513 3250 667 3319 oratione
687 3250 772 3319 haec
795 3259 931 3319 tautum
945 3249 1175 3339 comperimus
1198 3271 1206 3318 ι
1227 3253 1289 3318 Res
1305 3249 1489 3319 Cimbricas
1506 3249 1594 3319 adul
1612 3291 1624 3302 -

394 3387 489 3433 scens
508 3365 627 3457 ottipr't
639 3377 671 3433 et
688 3365 754 3458 ipsi
770 3365 826 3433 illi
842 3367 879 3435 G.
896 3366 1017 3448 Mario,
1032 3365 1095 3456 qul
1110 3364 1227 3434 durior
1246 3363 1388 3434 adhaec
1403 3365 1518 3434 studio
1532 3365 1626 3436 vidc-

397 3478 510 3562 boter,
532 3478 712 3570 jucundas
732 3480 804 3572 fuit
818 3483 841 3548 ².
868 3478 957 3549 Illud
974 3501 1042 3571 quo
1063 3478 1167 3548 modo
1187 3477 1261 3548 fieri
1282 3479 1433 3570 potuerit
1455 3480 1627 3550 nonsatis

402 3595 572 3686 intelligo,
600 3595 630 3663 si
656 3619 787 3679 revera,
815 3607 852 3666 ut
880 3595 1045 3665 traditum
1070 3605 1139 3681 est,
1166 3595 1294 3665 Marius
1320 3596 1488 3664 sermonis
1513 3595 1626 3688 graeei

401 3732 543 3801 prorsus
557 3713 699 3802 Ignarus
713 3713 816 3783 luerit
829 3714 852 3782 ⁸.
874 3711 1034 3782 Ceterum
1054 3711 1146 3780 idem
1166 3724 1407 3802 argumentum
1427 3712 1534 3782 latino
1552 3735 1627 3782 car·

402 3827 495 3896 mine
525 3829 702 3899 inchoavit
728 3829 782 3898 val
810 3838 1036 3898 tractaturum
1066 3849 1103 3896 se
1132 3826 1291 3918 promisit
1318 3826 1357 3896 L.
1389 3827 1539 3914 Plotius,
1568 3831 1625 3920 qni
1745 3917 1751 3928 ·

402 3944 532 4035 primus
549 3946 679 4014 Rornae
697 3945 905 4015 rhetoricam
918 3943 1023 4014 latine
1040 3943 1167 4029 docuit,
1183 3963 1284 4012 carus
1301 3943 1344 4013 ob
1358 3943 1447 4013 hanc
1463 3967 1559 4038 spem
1576 3945 1627 4014 illi

438 4214 464 4275 1.
485 4213 518 4283 Q.
535 4213 656 4282 Curtius,
672 4212 746 4282 Vlll,
759 4213 787 4271 5.

436 4296 464 4355 2.
478 4293 649 4360 Athenaeus,
668 4293 715 4354 Ill.
730 4309 758 4367 p.
778 4295 814 4349 82
830 4291 862 4349 B.

437 4375 464 4434 3.
481 4375 520 4430 De
535 4373 582 4431 illo
593 4379 621 4431 et
634 4373 746 4448 reliquls
760 4371 796 4429 ol.
814 4371 937 4442 Suidam,
953 4389 976 4432 s.
994 4390 1023 4430 v.

437 4454 464 4514 t.
480 4455 660 4523 Promitte,
674 4451 709 4521 X,
723 4453 768 4510 26.

436 4535 464 4591 5.
479 4535 533 4589 Pro
546 4535 660 4605 Arahtu,
677 4533 723 4604 III,
735 4535 781 4590 20.
798 4533 840 4592 Gi.
856 4532 1030 4604 Suetonium,
1050 4537 1089 4591 De
1102 4535 1145 4590 ill.
1162 4533 1245 4601 rhet,
1267 4534 1293 4589 1.

436 4615 464 4670 6.
480 4617 534 4670 Pro
548 4615 663 4684 Arabio,
678 4614 714 4682 x,
729 4613 774 4674 23.

436 4695 464 4748 7.
479 4693 533 4748 Pro
546 4693 661 4764 Archia,
676 4692 723 4760 IX,
745 4693 789 4749 19.

437 4773 465 4830 8.
480 4771 640 4843 Sallustins,
660 4777 738 4846 lup,
753 4775 806 4844 853
823 4773 909 4840 Plut,
925 4773 1009 4844 Mor„
1019 4774 1047 4831 2.
