3830 5786
807 637 983 704 ..21-

282 829 387 902 penes
414 803 652 898 quaestionem
688 802 994 871 extraordinariam
1025 813 1140 887 erant,
1174 827 1261 896 quae
1291 813 1384 888 tunc,
1418 805 1507 874 sicut

282 925 434 1017 reliquae
449 919 681 1015 quaestiones,
695 941 737 987 ex
752 919 982 1003 senatoribus,
1000 919 1186 1012 equitibus,
1204 921 1343 990 aerariis
1360 921 1506 991 tribunis

282 1040 459 1111 constabat
474 1061 482 1122 ;
500 1035 715 1129 praesidebat
734 1045 849 1104 autem
865 1035 967 1103 modo
991 1045 1139 1126 praetor,
1162 1038 1264 1106 modo
1280 1039 1387 1129 judex
1403 1062 1507 1131 quae-

283 1157 417 1227 stionis.
430 1153 576 1224 Archiae
585 1151 753 1243 judicium
770 1151 923 1220 exercuit
941 1151 1014 1242 ipse
1026 1153 1067 1236 Q.
1078 1151 1208 1239 Cicero,
1228 1155 1332 1222 irater
1347 1155 1505 1242 oratoris,

283 1272 342 1365 qui
370 1283 444 1341 tum
467 1279 629 1362 praetura
654 1267 872 1357 fungebatur,
902 1267 1081 1360 egregium
1105 1291 1163 1338 reo
1189 1292 1289 1339 omen
1313 1271 1368 1339 vel
1392 1271 1508 1361 potius

284 1388 534 1481 adjumentum,
564 1381 842 1476 quandoquidem
876 1383 1024 1467 Quintus
1048 1395 1081 1452 et
1104 1384 1177 1476 ipse
1200 1394 1340 1476 φιλέλλην
1368 1395 1451 1470 erat,
1475 1397 1509 1454 et

282 1503 476 1574 carminum
499 1512 631 1571 amator
647 1521 782 1568 necnon
804 1499 896 1568 haud
921 1501 1133 1591 spernendus
1157 1512 1288 1588 auctor,
1305 1511 1401 1570 tanta
1429 1503 1509 1572 scri-

282 1617 388 1688 bendi
418 1616 582 1686 facultate
613 1613 787 1706 praeditus
813 1623 852 1682 ut
881 1622 1041 1705 quattuor
1073 1614 1265 1705 tragoedias
1299 1616 1419 1685 diebus
1452 1639 1510 1686 xvr

284 1733 528 1804 absolveret¹:
556 1729 664 1821 igitur
681 1735 920 1820 αὒτοσχεδιαστὴς
943 1735 1190 1819 uiroc-,reiterata
1217 1731 1315 1802 Dicta
1336 1742 1389 1800 est
1407 1755 1512 1801 causa

283 1870 410 1941 magna
427 1847 660 1930 contentione,
675 1845 808 1936 ingenti
826 1845 1046 1937 optimatium
1057 1855 1091 1915 et
1106 1846 1285 1916 bominum
1296 1848 1511 1918 literatorum

284 1985 466 2034 concursu.
485 1959 678 2031 Adstabant
688 1959 836 2029 Archiae
845 1959 1025 2030 clarissimi
1037 1960 1185 2051 patroni,
1203 1962 1352 2045 Luculli,
1369 1963 1510 2048 Metelli,

285 2080 381 2164 Cato,
409 2086 451 2148 tr.
479 2077 586 2169 pleb.‚
613 2079 712 2168 cujus
736 2098 892 2144 sororem
914 2075 953 2144 L.
982 2077 1150 2146 Lucullus
1172 2076 1351 2146 duxerat⁸.
1374 2077 1531 2146 Gratius·

284 2218 357 2265 rem
388 2193 507 2288 paucis
535 2192 672 2262 videtur
699 2191 888 2260 absolvisse
916 2213 924 2260 :
955 2192 1232 2262 Heracliensium
1261 2195 1510 2277 testimoninm,

284 2311 431 2380 Archiae
463 2308 714 2403 professionem
743 2307 779 2376 in
808 2306 950 2376 dubium
975 2308 1111 2377 vocavit
1139 2333 1147 2392 ;
1181 2310 1316 2379 tabulas
1340 2309 1512 2380 censorias

283 2426 496 2522 postulavit;
515 2425 688 2495 contendit
699 2446 796 2492 reum
817 2424 1051 2515 superioribus
1064 2425 1165 2494 annis
1185 2448 1228 2494 ne
1247 2426 1356 2518 ipsius
1371 2426 1510 2518 quidem

280 2542 413 2636 judicio
433 2542 469 2610 in
487 2563 631 2610 numero
659 2539 786 2610 civium
807 2540 937 2617 luisse;
964 2539 1111 2633 denique
1139 2542 1282 2611 miratus
1302 2551 1354 2610 est
1379 2566 1440 2612 cnr
1459 2545 1514 2613 vir

284 2659 476 2730 consularis
513 2657 624 2726 infimi
660 2655 884 2749 ejusdemque
919 2657 1091 2750 peregrini
1120 2667 1241 2748 poetae
1279 2661 1509 2751 patrocinium

286 2775 460 2868 suscipere
476 2796 545 2844 nen
561 2773 795 2843 dubitavisset.
808 2772 935 2844 Contra
950 2771 1068 2847 Cicero
1082 2780 1134 2866 (ut
1151 2785 1351 2844 assueverat
1367 2777 1515 2867 quotics-

286 2914 433 2984 cumque
449 2913 588 2962 causam
604 2889 804 2980 ambiguam
826 2890 881 2958 vel
906 2901 1100 2981 suspectam
1118 2891 1289 2982 tractaret)
1308 2891 1458 2960 breviter
1473 2892 1514 2960 de

282 3011 374 3101 iure,
400 3031 464 3077 nec
492 3007 603 3076 insius
633 3007 674 3074 de
704 3008 794 3075 facto
819 3005 993 3075 disseruit.
1023 3006 1110 3075 Rem
1135 3017 1300 3099 tanquam
1324 3016 1452 3076 certam
1481 3018 1515 3076 et

287 3124 427 3193 minime
449 3123 633 3215 ancipitem
657 3121 773 3214 potins
796 3120 950 3191 narravit
968 3143 1071 3214 quam
1093 3122 1269 3214 probavit,
1297 3133 1512 3215 argumenta,

286 3262 522 3333 quaecumque
545 3237 705 3322 babebat,
723 3237 832 3306 obiter
857 3247 891 3306 et
903 3238 1001 3328 quasi
1022 3237 1200 3307 fastidiose
1217 3238 1359 3330 pretulit
1375 3258 1383 3307 :
1400 3239 1515 3330 legem

285 3355 469 3439 Plautiam,
486 3354 723 3424 auctoritatem
739 3353 1026 3439 Heracliensium,
1043 3354 1279 3423 testimonium
1300 3355 1345 3422 Μ.
1364 3355 1512 3440 Luculli,

285 3471 414 3542 Metelli
441 3469 587 3555 tabulas,
617 3469 764 3561 denique
792 3491 893 3539 usum
920 3469 1068 3538 civitatis
1089 3469 1291 3540 diuturnum
1306 3481 1340 3539 et
1356 3472 1515 3540 omnibus

284 3586 514 3680 perspicuum.
538 3585 604 3654 Sed
623 3585 659 3653 in
684 3583 814 3654 Archia
837 3584 1074 3669 describendo,
1100 3585 1285 3670 laudando,
1317 3587 1514 3657 extollendo

286 3702 417 3772 diutins
435 3701 638 3770 immoratus
662 3710 726 3769 ast.
753 3699 909 3770 Primum
923 3700 1014 3769 enim
1039 3699 1199 3769 maximis
1223 3724 1303 3770 eum
1325 3703 1513 3794 praesentis

285 3819 340 3886 vel
353 3817 558 3911 praeteritae
569 3817 690 3886 aetatis
705 3817 815 3909 poetis
829 3816 1000 3908 aequavit,
1011 3828 1047 3887 ut
1062 3817 1227 3886 sentirent
1237 3839 1358 3886 omnes
1369 3817 1512 3909 dignum

290 3957 366 4004 essa
382 3934 484 4002 talem
500 3933 613 4001 virum
625 3931 836 4025 quibuslibet
860 3932 1060 4018 honoribus,
1078 3933 1199 4018 immo,
1215 3933 1243 4001 si
1258 3934 1412 4004 nondum
1427 3934 1512 4004 civis

287 4051 465 4122 Romanus
494 4057 600 4131 esset,
634 4048 751 4116 statim
786 4047 915 4117 civitati
945 4047 1217 4118 adsciscendum.
1245 4049 1391 4134 Deinde,
1418 4050 1515 4118 velut

287 4174 491 4257 argumento
522 4187 585 4233 suo
614 4162 788 4254 abreptus,
821 4163 949 4232 omisso
974 4163 1110 4248 Archia,
1144 4164 1235 4256 ipsas
1268 4165 1413 4249 litteras,
1440 4165 1515 4257 ipsa

287 4279 493 4350 humaniora
503 4279 628 4362 studia,
642 4277 671 4346 si
687 4278 746 4371 qui
763 4279 873 4349 adhuc
886 4279 1116 4348 obtrectarent
1130 4277 1155 4363 ¹,
1167 4280 1331 4349 acerrime
1345 4289 1378 4349 et
1391 4283 1515 4373 jucun-

292 4458 375 4514 quarn
397 4459 446 4514 per
465 4441 612 4498 triennium
638 4446 746 4496 rexerat
768 4437 851 4512 (Cic,
872 4440 918 4496 Ad
938 4441 1019 4508 som,
1040 4439 1073 4506 ΙΙ,
1094 4458 1140 4510 xv,
1159 4441 1196 4513 l),
1220 4449 1283 4498 ante
1302 4441 1356 4498 kal.
1378 4441 1442 4498 Mai.
1462 4442 1516 4498 696

285 4520 415 4576 discessit
429 4520 486 4594 (Ad
499 4521 573 4588 Aac,
589 4519 638 4587 ΙΙΙ,
655 4536 694 4586 rx,
710 4517 746 4590 Ι).

324 4603 349 4657 l.
365 4598 435 4664 cie..
450 4601 497 4657 Ad
511 4603 542 4666 0.
557 4601 683 4668 tratrem,
698 4599 747 4669 ΙΙΙ,
768 4615 806 4667 vr,
819 4602 848 4655 7.

321 4683 349 4737 2.
365 4683 420 4736 Pro
435 4681 549 4748 Arabio,
566 4680 611 4746 ΙΙΙ,
627 4681 673 4736 22.

323 4762 350 4822 3.
367 4759 834 4836 Acod.prtor.‚ll‚n,5:suateatm
841 4761 922 4818 matti
932 4763 1102 4836 qaiomaa'ao
1112 4779 1285 4838 qroccasaon
1296 4766 1510 4826 amentttttcras.
