3830 5786
984 635 1162 700 -ra-

455 801 688 873 conciliavit:
710 799 796 870 adeo
819 798 994 868 neminem
1018 810 1088 869 tarn
1112 801 1272 871 hebetem
1290 801 1447 870 invenies
1468 800 1552 893 quin
1571 801 1691 873 laudes

466 921 521 990 sui
545 917 732 1010 intelligat!

510 1133 607 1202 XIII.
634 1131 703 1202 Sed
727 1153 808 1199 mox
829 1153 943 1200 rerum
969 1130 1074 1200 facies
1097 1140 1132 1200 et
1147 1123 1257 1201 amica
1280 1133 1403 1202 litteris
1417 1131 1515 1224 quiea
1538 1133 1573 1202 in
1592 1137 1690 1226 pejus

465 1258 616 1317 mutatae
633 1254 725 1315 sunt.
749 1246 850 1313 Anno
864 1245 906 1317 U.
925 1245 961 1315 C.
981 1246 1044 1314 663
1062 1255 1221 1327 exeunte,
1241 1257 1318 1338 post
1332 1247 1435 1316 Drusi
1449 1248 1600 1334 caedem,
1617 1249 1692 1318 bel-

466 1365 537 1434 lurn
560 1363 718 1434 Italicum
742 1361 883 1445 exarsit,
900 1360 937 1430 in
956 1384 1024 1453 quo
1046 1383 1167 1430 omnes
1187 1361 1331 1452 Magnae
1354 1363 1516 1433 Graeciae
1536 1364 1691 1434 civitates

466 1479 704 1547 inconcussam
733 1487 956 1545 servaverunt
984 1475 1099 1546 fidem.
1125 1475 1203 1545 Jam
1230 1478 1454 1569 sequentibus
1478 1480 1690 1566 consulibus,

464 1595 535 1664 lata
562 1603 614 1662 est
638 1595 699 1663 illa
721 1594 778 1662 lex
799 1592 893 1661 Julia
914 1615 982 1685 qua
1008 1593 1211 1662 universum
1234 1593 1372 1663 Latium
1394 1594 1530 1664 civitate
1550 1618 1691 1672 romana

465 1711 629 1779 donatum
655 1712 750 1792 est¹;
777 1733 887 1802 neque
912 1708 1022 1777 multo
1045 1718 1134 1801 post,
1157 1708 1200 1776 ad
1223 1709 1326 1778 finem
1344 1711 1500 1802 ejusdem
1523 1711 1577 1779 vel
1593 1711 1690 1780 initia

462 1827 610 1919 proximi
626 1826 720 1910 anni,
745 1837 786 1894 tr.
804 1826 851 1917 pl.
871 1824 916 1893 ld.
935 1823 1094 1892 Plautius
1117 1823 1289 1909 Silvanus,
1311 1824 1349 1895 C.
1368 1825 1527 1919 Papirius
1542 1827 1686 1912 Garbo’,

462 1952 583 2012 senatu
599 1951 751 2028 auctore,
769 1939 990 2036 plebiscitum
1005 1939 1270 2008 introduxerunt
1285 1964 1353 2033 quo
1369 1941 1457 2012 idern
1470 1945 1529 2035 jus
1546 1943 1689 2035 reliquis

461 2058 590 2128 Italicis
607 2058 743 2150 populis
757 2055 965 2150 permissum
983 2065 1047 2136 ost,
1061 2055 1104 2124 iis
1120 2054 1196 2124 dico
1212 2057 1271 2147 qui
1287 2057 1322 2125 in
1339 2057 1405 2126 fide
1422 2059 1690 2149 permansissent
1761 2055 1764 2062 '

451 2171 515 2244 'vel
537 2174 595 2267 qui
619 2196 715 2242 arma
736 2173 852 2242 statim
876 2171 1098 2264 deponerent.
1123 2171 1203 2263 Ipsa
1230 2173 1334 2264 hujus
1357 2173 1446 2263 legis
1472 2173 1578 2242 verba
1601 2175 1690 2244 refe-

459 2311 546 2372 ram,
563 2310 583 2357 a
598 2287 762 2359 Cicerone
779 2295 926 2368 servata,
951 2285 1009 2378 qni
1032 2287 1127 2354 solus
1143 2290 1219 2378 ejus
1239 2287 1450 2355 mentionem
1473 2287 1564 2359 lacit.
1590 2289 1689 2359 Cives

460 2405 567 2498 igitur
585 2405 657 2474 lieri
676 2404 820 2498 jubebat
845 2425 876 2472 sr
899 2426 955 2482 our
979 2425 1171 2471 roanrnrrrs
1199 2425 1392 2472 civrrnrrans
1416 2426 1579 2472 roscnrrrr
1602 2429 1689 2475 rurs·

460 2547 547 2609 suar,
567 2547 595 2591 sr
614 2547 690 2606 rau,
716 2545 777 2591 cuu
800 2538 862 2590 mx
879 2543 1071 2604 runmrrun,
1095 2543 1127 2586 nr
1148 2519 1258 2588 Imma
1278 2543 1462 2590 nonrcnruu
1482 2545 1686 2610 annuissem,

460 2664 498 2707 ar
526 2660 554 2706 sr
582 2661 760 2707 sumerum
793 2657 906 2704 ornans
938 2658 1021 2703 arou
1051 2655 1240 2702 rasaronru
1270 2657 1388 2703 asserir
1416 2657 1575 2704 rnornssr.
1607 2637 1689 2705 Erat

461 2765 543 2825 tunc
566 2778 634 2823 usu
653 2764 687 2822 et
704 2756 782 2844 jure
807 2751 1030 2822 constitutum
1052 2759 1091 2819 ut
1115 2773 1155 2818 ex
1180 2749 1355 2819 foederato
1380 2752 1507 2841 populo
1532 2774 1575 2819 ne
1598 2737 1688 2821 unus

462 2869 603 2962 quidem
627 2868 723 2952 civis,
745 2867 873 2936 nedum
899 2867 1060 2935 universa
1082 2864 1213 2948 civitas,
1238 2865 1304 2934 nisi
1327 2888 1499 2936 consensu
1522 2865 1626 2958 hujus
1647 2867 1688 2936 de

456 2980 526 3077 ¹quo
540 2985 709 3077 agebatur
720 2983 839 3076 populi
854 2983 888 3050 in
902 2982 1077 3052 civitatem
1089 3002 1268 3050 romanam
1281 2981 1561 3053 adscisceretur³.
1574 2981 1688 3065 Quare

459 3103 513 3171 lea
534 3101 628 3172 Julia
649 3102 725 3191 (nec
746 3101 863 3168 minus
884 3098 1033 3185 Plautia,
1061 3099 1186 3191 quippe
1207 3119 1295 3192 quae
1316 3100 1554 3170 tantummodo
1576 3101 1687 3171 Juliae

459 3217 696 3287 extendendae
718 3237 824 3285 causa
847 3216 917 3284 lata
940 3215 1044 3306 esset)
1070 3225 1152 3285 tunc
1172 3216 1311 3284 demum
1334 3215 1475 3306 plenum
1502 3238 1541 3285 ac
1558 3229 1690 3286 certum

461 3335 621 3403 ellectum
641 3343 827 3403 consecuta
845 3342 897 3400 est
917 3342 1102 3423 postquam
1123 3330 1361 3423 unusquisque
1382 3331 1522 3401 Italicus
1539 3333 1689 3426 populus

456 3447 587 3541 sorados
608 3447 690 3540 legi,
714 3447 779 3516 hoc
801 3456 853 3514 est
878 3447 1029 3530 auctor‘,
1049 3446 1261 3515 exstiterat⁸.
1286 3445 1354 3517 Sed
1379 3447 1528 3536 Etrusci,
1552 3451 1686 3535 Umbri,

461 3563 519 3632 alii
549 3587 695 3657 quorum
720 3563 839 3656 iniqua
860 3561 1010 3632 conditio
1034 3563 1158 3648 fuerat,
1183 3562 1300 3632 statim
1328 3585 1366 3632 ao
1391 3562 1536 3634 libenter
1559 3565 1688 3635 donum

461 3677 608 3746 civitatis
623 3686 828 3772 acceperunt
838 3677 866 3760 ⁶3
884 3685 1003 3746 contra
1017 3675 1203 3744 Heracleae
1217 3684 1251 3744 et
1265 3676 1406 3768 Neapoli
1423 3677 1481 3745 diu
1495 3678 1688 3747 dubitatum

496 3877 522 3930 1.
542 3873 657 3930 Servius
672 3873 811 3944 Sulpicius
826 3873 898 3946 apud
913 3872 1040 3941 Gellium,
1056 3871 1104 3939 lv,
1119 3890 1156 3939 rv,
1171 3873 1189 3928 3
1205 3887 1212 3926 :
1228 3873 1259 3928 id
1274 3880 1441 3946 tempusque
1453 3877 1550 3931 ciuitas
1564 3877 1689 3932 universo

459 3957 537 4010 Latio
552 3957 610 4024 lece
623 3956 696 4012 tutto
710 3956 776 4010 dota
790 3961 840 4010 est.
857 3951 1056 4026 Neglegentius
1072 3951 1165 4008 Cicero
1178 3950 1254 4025 leges
1267 3953 1365 4010 lulium
1381 3961 1408 4011 et
1425 3954 1560 4012 Plautiam
1572 3955 1688 4012 conlun-

459 4035 509 4105 dit,
524 4037 578 4091 Pro
591 4035 687 4096 Bulbo.
703 4035 778 4102 VIII,
792 4036 825 4090 21
843 4036 939 4090 :lulio
952 4035 1008 4103 lece
1022 4035 1120 4088 dcitur
1133 4037 1173 4088 est
1183 4035 1263 4089 sociis
1277 4040 1302 4090 et
1316 4036 1425 4091 Latinis
1440 4035 1516 4092 dota.

494 4117 521 4171 2.
542 4115 616 4172 Sool.
642 4114 785 4171 Bobiensis
804 4113 838 4170 ad
862 4113 1027 4168 Archianam
1053 4112 1091 4185 (p.
1114 4112 1167 4168 353
1186 4109 1281 4186 Orell.)
1306 4113 1397 4188 inepte
1415 4114 1450 4172 de
1468 4131 1539 4172 coss.
1552 4115 1649 4173 Stluno
1663 4123 1689 4173 et

458 4195 580 4254 Carbone
596 4194 755 4251 hariolator.

494 4277 522 4331 3.
543 4275 728 4333 CertissImam
740 4273 811 4346 juris
830 4273 952 4347 regulam
967 4273 1067 4330 trustra
1085 4273 1230 4349 Impugnat
1244 4292 1331 4349 eoque
1347 4275 1408 4349 ipso
1423 4275 1566 4333 confirmat
1581 4275 1690 4346 Cicero,

460 4357 514 4412 Pro
526 4358 621 4424 Balbo,
635 4355 708 4424 VIII,
724 4359 766 4413 t9.

496 4437 524 4492 l.
544 4437 654 4504 Festus,
669 4439 759 4508 Epic,
773 4451 800 4508 p.
814 4435 849 4491 89
860 4428 983 4504 t'ltrndus
998 4437 1102 4491 dicitur
1112 4437 1235 4507 populus
1249 4452 1304 4493 esse
1313 4439 1355 4494 rei
1365 4453 1447 4508 quom
1456 4437 1560 4494 odierint
1570 4437 1688 4512 (mutat),

462 4517 511 4572 lice
524 4523 565 4572 est
579 4523 684 4576 auctor.

453 4645 458 4656 .
498 4599 526 4653 5.
548 4595 617 4666 cic,
634 4598 687 4654 Pro
712 4597 806 4659 Bulbo,
821 4595 896 4664 Vlll,
917 4597 963 4655 21.
985 4595 1026 4652 CI.
1050 4595 1176 4662 Gellium,
1205 4597 1277 4660 XVI,
1294 4615 1352 4664 xrrr,
1368 4597 1408 4652 6:
1431 4614 1517 4668 neque
1540 4599 1600 4655 ullu
1620 4615 1687 4672 pop.

466 4681 541 4735 Rom.
559 4679 617 4748 tepe
635 4678 764 4736 adstricti
777 4679 834 4732 nisi
846 4679 877 4730 r'n
891 4692 973 4748 quam
989 4677 1110 4748 populus
1124 4693 1215 4733 eorum
1231 4678 1335 4746 fundus
1346 4681 1438 4746 frictus
1449 4685 1526 4738 esset.

501 4758 528 4814 6.
545 4756 698 4832 Appianas,
714 4761 745 4814 11.
761 4757 831 4827 Cio,
849 4756 870 4824 l,
883 4756 927 4814 ta.
