3830 5786
899 637 1008 704 ..58
1032 673 1085 692 -.

555 792 599 874 οἷς
611 801 694 881 ἔσχον
705 813 829 883 χερνῆται
848 802 907 878 βίον
920 803 1043 882 δηναιὸν,
1067 799 1178 866 Ἀθάνα

597 909 706 983 πότνια,
724 900 801 970 ταῦθ’
817 911 844 970 αἱ
859 907 904 971 σαὶ
918 909 960 972 ccl
976 913 1060 974 θέσαν
1079 912 1236 993 ἐργάτιδες.

416 1097 452 1158 N.
473 1097 505 1159 C.
522 1096 617 1197 Antii.
641 1095 728 1174 Pat,
753 1098 803 1173 Vl,
832 1101 869 1178 39
892 1116 899 1160 :
919 1091 1049 1177 ἀνάθημα
1072 1111 1108 1183 τῇ
1134 1093 1244 1182 Ἀθηνᾷ
1265 1095 1341 1181 παρὰ
1362 1100 1448 1179 τριῶν
1472 1089 1601 1176 ἀδελφῶν

375 1205 526 1284 γυναικῶν.

415 1347 504 1408 Exrc.
530 1346 654 1418 Omnia,
682 1354 810 1427 praeter
834 1351 967 1412 nomina
992 1351 1088 1432 (quae
1115 1355 1259 1414 ceterum
1285 1350 1393 1432 potius
1416 1347 1601 1411 meretrices

376 1442 513 1524 decent),
531 1445 615 1524 cepit
628 1446 764 1508 Archias
778 1465 815 1509 ex
834 1449 975 1510 carmine
994 1450 1162 1524 Leonidae,
1180 1447 1276 1510 Antii.
1293 1446 1378 1518 Pal..
1394 1445 1445 1518 Vl,
1464 1452 1532 1524 289,
1550 1445 1600 1507 cui

374 1541 574 1604 simillimum
589 1547 637 1604 est
647 1543 735 1605 aliud
750 1543 905 1624 ejusdem,
917 1546 967 1619 Vl,
977 1551 1044 1620 ι88,
1059 1548 1105 1609 ita
1122 1552 1158 1609 nt
1171 1547 1264 1609 facile
1280 1545 1452 1626 auspiceris
1462 1542 1601 1606 alterum

376 1639 547 1716 Leonidae,
563 1639 702 1702 alterum
724 1643 835 1720 potins
856 1644 1026 1724 Antipatro
1049 1645 1178 1708 Sidonio
1200 1663 1270 1706 esse
1294 1640 1513 1705 tribuendum.
1539 1642 1603 1704 Cur

376 1737 501 1800 Samiae
517 1738 667 1801 mulieres
679 1739 815 1804 dialecto
830 1741 941 1806 dorica
951 1743 1098 1821 utantur,
1111 1761 1176 1806 non
1189 1741 1350 1822 intellig03
1361 1739 1395 1808 in
1406 1737 1601 1818 exemplare,

376 1836 464 1916 qnod
478 1838 612 1901 Archias
627 1839 795 1918 expressit,
813 1839 944 1903 Cressae
960 1841 1210 1904 inducebantur.

965 2256 1012 2326 Vl

852 2450 1113 2514 [ΑΦΡΟΔΙΤΗι]

556 2635 697 2702 Σάνδαλοι
708 2648 796 2702 ταῦτα
809 2635 924 2702 Βίτιννα
938 2671 945 2684 ·
963 2638 1165 2701 πολυπλέιιτου
1177 2635 1208 2700 δὲ
1221 2633 1353 2710 Φιλαινὶς

598 2749 756 2829 πορφύρεον
773 2747 875 2829 χαίταις
891 2749 996 2829 ρθτορα
1009 2745 1209 2827 κεκρθραλον·

556 2849 643 2928 ξανθά
656 2845 682 2915 δ’
704 2848 869 2915 Ἀντίκλεια
883 2853 964 2914 νδθον
976 2854 1130 2915 κεύθουσαν
1144 2851 1224 2929 άημα

601 2960 704 3043 ῥιπίδα,
722 2955 774 3023 τάν
791 2959 915 3042 μαλερδν
931 2959 1042 3033 θάλπος
1058 2953 1254 3036 ἀμυνομέναν·

492 3069 512 3124 5
556 3067 662 3129 λεπτὸν
677 3060 703 3128 δ’
720 3057 885 3148 Ἡράκλεια
899 3067 966 3128 τάδε
980 3054 1176 3149 προκάλυμμα
1189 3060 1354 3146 προσώπου,

599 3171 717 3255 τενχθὲν
733 3168 889 3257 άραχναίῃς
905 3174 1020 3235 εἴκελον
1035 3173 1202 3254 ἁρπεδόσιν·

555 3279 573 3342 ά
588 3279 619 3342 δὲ
632 3281 723 3342 καλὸν
737 3283 876 3363 σπείραμα
889 3281 1075 3363 περισρνρθοιο
1088 3277 1241 3362 δράκοντος

601 3381 698 3467 οὔνομ’
720 3380 929 3470 Ἀριστοτέλεια
941 3387 1049 3469 πατρὸς
1062 3389 1262 3467 ἑνεγνιαμένα·

556 3491 656 3571 ἅλικες
668 3489 768 3576 άγλαὰ
782 3496 873 3576 δῶρα,
890 3494 1068 3576 γαμοστάλε,
1087 3494 1130 3556 σοὶ
1143 3491 1225 3571 τάδε,
1240 3489 1350 3576 Κύπρι,

478 3606 512 3660 10
602 3600 736 3679 ὤπασαν,
755 3604 783 3664 αἱ
797 3600 915 3682 γυάλων
929 3597 1130 3684 Ναννιράτιδος
1146 3602 1253 3662 ναέται.

418 3801 455 3862 N.
473 3801 506 3861 G.
526 3800 622 3862 Antii.
640 3799 726 3872 Pet,
742 3799 793 3874 VI,
813 3821 868 3880 eo7
887 3819 894 3861 :
910 3795 950 3870 εἰς
962 3797 996 3860 τὸ
1012 3795 1081 3861 αὑτό
1093 3789 1150 3881 (sc.
1170 3791 1300 3876 ἀνάθημα
1310 3809 1347 3881 τῇ
1364 3788 1518 3879 Ἀφροδίτῃ
1529 3789 1605 3878 παρὰ

378 3899 544 3989 γυναικῶν).
561 3941 600 3954 -
613 3909 651 3968 V.
674 3927 700 3968 ι.
716 3905 792 3969 (lod.
806 3903 1026 3986 πολυσλάγτου;
1040 3906 1260 3986 conjecturam
1276 3907 1428 3968 Brunckii
1443 3909 1475 3968 et
1493 3904 1606 3985 Toupii

378 4013 529 4094 praetuli,
556 4031 654 4093 quam
681 4013 851 4076 confirmat
875 4012 1098 4094 praecedentis
1121 4013 1363 4093 epigrammatis
1385 4033 1415 4075 ν.
1438 4015 1456 4074 3
1478 4030 1486 4074 :
1505 4009 1555 4073 τδν
1575 4006 1608 4071 δὲ

379 4119 582 4200 ριλοπλέκτοιο
604 4121 698 4196 ιιδμας
722 4131 919 4202 σριγιιτηρα...
944 4155 979 4166 -
996 4122 1033 4181 V.
1058 4119 1493 4196 3.οοι1.;ιευ·θουσανόημα.
1516 4117 1605 4181 Corr.

380 4229 483 4308 Toup.
498 4261 538 4273 -
551 4229 589 4288 V.
612 4249 658 4288 ιο.
676 4227 825 4290 Forsitan
839 4224 979 4308 αἰγιαλῶν
992 4217 1196 4300 (Wesseling,
1214 4217 1309 4300 etc).

421 4375 512 4440 Exrn.
532 4377 657 4452 Omnia,
677 4379 774 4440 etiam
794 4378 936 4453 nomina,
958 4378 1055 4440 dehet
1069 4378 1276 4457 praecedenti
1297 4379 1431 4440 carmini
1448 4379 1607 4457 Antipatri

382 4477 518 4551 Sidonii,
535 4477 587 4550 Vl,
606 4480 675 4538 οοθ.
692 4476 801 4538 Simile
825 4482 875 4539 est
895 4494 1026 4539 carmen
1045 4477 1207 4556 Antipatri
1233 4476 1538 4551 Thessalonicensis,
1554 4477 1606 4551 vl,

297 4643 300 4656 ¹
380 4580 448 4650 208,
466 4574 521 4636 nbi
541 4578 650 4636 tamen
667 4593 732 4636 non
746 4575 818 4654 ipsa
832 4579 1025 4637 ornamenta
1044 4572 1267 4636 meretriculae
1287 4579 1426 4653 ponunt,
1442 4573 1499 4636 sed
1514 4573 1608 4636 tabu-

377 4673 442 4734 lam
461 4672 672 4734 Aristomenis
691 4673 862 4753 qu‘nsdam
881 4673 1056 4752 Strymonii
1076 4671 1129 4750 (cl.
1146 4671 1319 4748 Benndori,
1341 4671 1387 4734 De
1410 4669 1508 4756 Epiq.
1527 4691 1605 4753 quoe

379 4769 422 4832 ad
435 4779 518 4831 ortes
537 4779 686 4852 spectant,
704 4789 736 4849 p.
757 4772 807 4853 50)
827 4771 972 4850 ipsarum
993 4771 1115 4851 effigies
1132 4769 1351 4832 exhibentem.
1365 4769 1471 4834 Facile
1493 4769 1613 4831 intelli-
