3830 5786
893 657 1072 726 ..se-

368 825 496 915 scripta
515 833 569 892 est
586 822 646 892 illa
666 821 842 892 Ciceronis
871 825 1029 914 epistola)
1052 846 1166 917 neque
1189 825 1362 898 Numidici
1388 825 1508 894 laudes
1529 827 1592 898 sibi

367 961 557 1032 proponere
569 937 697 1019 debuit,
708 940 881 1028 annoJam
892 939 1066 1008 tricesimo
1077 950 1179 1009 antea
1189 941 1469 1033 mortui¹,neque
1478 941 1590 1024 Pium,

368 1079 471 1148 quem
482 1065 560 1125 ante
578 1078 707 1124 annum
722 1057 787 1126 690
803 1054 991 1125 decessisse
1007 1066 1137 1126 certum
1155 1068 1219 1142 est,
1235 1056 1361 1150 quippe
1376 1057 1430 1127 cni
1446 1081 1486 1128 eo
1503 1080 1591 1128 anno

369 1173 408 1242 C.
425 1172 551 1241 Caesar
562 1172 598 1241 in
614 1171 814 1264 pontificatu
826 1171 975 1242 maximo
986 1174 1221 1243 successerit'.
1236 1174 1299 1242 His
1312 1173 1425 1266 itaque
1437 1174 1590 1260 semotis,

368 1311 458 1357 unus
472 1297 580 1374 restat
593 1287 633 1370 Q.
651 1288 810 1358 Metellus
834 1287 999 1374 Creticus,
1020 1287 1079 1379 qui
1093 1310 1134 1358 eo
1154 1289 1228 1382 ipso
1252 1311 1341 1360 anno
1363 1313 1431 1382 quc
1446 1289 1592 1360 Archiae

366 1425 471 1474 causa
485 1420 582 1474 orata
598 1413 661 1488 est,
677 1403 785 1474 invito
800 1403 978 1496 Pompeio,
992 1404 1033 1473 de
1047 1405 1266 1475 Cretensibus
1282 1405 1523 1498 triumphavit3
1538 1405 1594 1474 hic

368 1519 611 1590 communibus
636 1518 760 1588 studiis
779 1530 882 1611 atque
908 1518 997 1588 odiis
1023 1518 1167 1589 Lucullo
1189 1520 1492 1612 conjunctissimus
1515 1520 1590 1606 fuit,

365 1636 469 1727 hujus
495 1635 530 1704 in
556 1634 724 1704 honorem
750 1634 979 1704 Caecilianum
998 1634 1158 1726 subulam
1183 1634 1358 1728 scriptam,
1385 1637 1440 1706 vel
1470 1635 1593 1706 saltem

365 1751 561 1822 inchoatam
575 1751 697 1831 luisse,
727 1749 1005 1820 existimandum.

408 2001 502 2070 XVI.
529 2000 803 2070 Mithridaticum
827 2022 976 2085 carmen,
1000 2001 1093 2092 quod
1118 1999 1232 2072 solum
1253 2022 1296 2069 ex
1317 1997 1508 2091 majoribus
1529 2001 1592 2068 Ar-

364 2117 463 2186 chiae
490 2114 653 2208 operibus
679 2113 876 2184 absolutum
899 2115 1009 2183 inisse
1036 2114 1183 2200 videtur,
1212 2114 1305 2184 hisce
1331 2113 1446 2184 verbis
1472 2113 1590 2184 Cicero

365 2231 551 2302 describit:
574 2229 847 2300 Mithridaticum
864 2230 1003 2315 bellom,
1023 2253 1187 2324 moytiam
1205 2243 1307 2322 atque
1327 2229 1480 2320 difficile,
1506 2241 1539 2297 et
1555 2230 1592 2297 in

363 2347 474 2417 multo
488 2348 652 2417 varietate
669 2360 757 2416 terra
772 2347 928 2440 morique
940 2361 1123 2432 versatum,
1140 2359 1251 2416 lotum
1266 2345 1308 2414 ab
1322 2344 1385 2413 boc
1399 2367 1591 2436 caprearum

363 2476 411 2532 est
434 2463 527 2556 :qui
547 2463 628 2534 libri
652 2486 719 2532 non
748 2462 847 2532 modo
876 2467 913 2532 L.
943 2461 1168 2532 Lucullum...
1197 2461 1440 2530 verumetiam
1467 2461 1593 2554 populi

362 2580 499 2648 romani
519 2603 643 2648 nomen
665 2577 872 2648 illustrant&
897 2579 1054 2648 Primum
1077 2578 1126 2647 ibi
1151 2577 1387 2652 annotandum
1411 2585 1464 2646 est
1487 2599 1590 2667 argu-

363 2705 518 2765 mentum
544 2695 647 2788 hujus
672 2694 835 2764 carminis
860 2717 930 2766 non
956 2694 1062 2764 fuisse
1091 2707 1200 2764 totum
1225 2691 1498 2764 Mithridaticum
1521 2692 1592 2761 bel·

363 2810 446 2896 lum,
465 2810 558 2904 quod
578 2809 696 2903 paucis
722 2810 1038 2880 intermissionibus
1062 2833 1122 2902 per
1140 2833 1211 2880 xxv
1233 2831 1341 2879 annos
1361 2808 1508 2894 duravit,
1528 2806 1590 2880 sed

363 2924 599 2994 tantummodo
626 2947 704 2994 enm
737 2925 819 2995 belli
850 2925 1071 2996 Mithridatici
1104 2935 1236 3017 partem
1271 2923 1326 2993 cui
1354 2923 1394 2992 L.
1421 2925 1589 2995 Lucullus

361 3041 522 3132 praefuit,
546 3041 614 3122 vel,
634 3050 673 3110 ut
689 3063 760 3111 rern
779 3041 975 3111 accuratius
990 3041 1164 3126 deliniam,
1181 3063 1236 3110 res
1252 3050 1367 3132 gestas
1389 3041 1431 3111 ab
1450 3042 1589 3110 ineunte
1621 3097 1629 3104 .

361 3180 452 3226 anno
468 3157 509 3228 U.
527 3156 564 3227 C.
580 3159 641 3227 681
661 3157 741 3250 (quo
756 3155 952 3248 Bithyniam
968 3156 1165 3227 Nicomedis
1181 3165 1290 3226 morte
1303 3179 1447 3226 vacuam
1460 3157 1591 3226 Mithri-

362 3274 457 3343 dates
472 3271 609 3364 invcsit)
619 3295 728 3364 usque
744 3273 787 3342 ad
799 3273 950 3343 nobilem
962 3293 1117 3364 pugnarn
1127 3271 1484 3363 Tigranocertensem,
1498 3272 1586 3364 prid.

360 3411 441 3458 non.
456 3388 576 3458 Octob.
593 3411 684 3458 anno
700 3391 765 3460 685
780 3399 986 3458 consertam.
1003 3387 1098 3470 Quae
1114 3387 1205 3456 enim
1226 3386 1346 3456 deindo
1360 3397 1479 3458 secuta
1494 3398 1588 3472 sunt,

360 3505 669 3596 -expeditionem
688 3505 819 3574 scilicet
830 3505 995 3574 adversus
1009 3505 1175 3572 Artaxata
1190 3503 1327 3586 factam,
1341 3503 1490 3572 militum
1503 3503 1590 3572 sedi·

364 3621 485 3706 tiones,
498 3620 619 3690 infelix
634 3620 756 3690 Triarii
776 3620 867 3712 apud
880 3620 1031 3691 Gaziura
1044 3618 1227 3710 proelium,
1242 3617 1389 3710 denique
1406 3615 1590 3688 Lucullum

362 3735 403 3803 ah
414 3736 567 3804 exercitu
579 3758 643 3805 suo
655 3735 756 3827 plane
773 3736 974 3806 destitutum
988 3756 1081 3803 -ea
1091 3732 1220 3818 omnia,
1233 3743 1401 3825 utparum
1412 3756 1586 3824 prospera,

361 3852 508 3921 Archias
532 3851 690 3922 omittere
710 3850 845 3936 debuit;
873 3852 965 3943 quod
987 3851 1152 3921 usitatum
1175 3850 1282 3918 fuisse
1304 3850 1415 3940 poetis
1436 3849 1588 3918 Annales

361 3967 591 4038 scribentibus
606 3977 754 4038 testatur
772 3967 948 4038 Ciceronis
963 3967 1060 4036 locus
1080 3965 1115 4034 in
1131 3964 1286 4034 oratione
1303 3967 1368 4032 Pro
1385 3964 1457 4056 lepc
1475 3965 1587 4034 Moni-

360 4085 421 4170 lia,
439 4081 498 4153 uhi
515 4083 738 4175 potissimum
760 4084 801 4153 de
822 4082 945 4152 Triarii
963 4081 1058 4152 clade
1079 4081 1114 4149 in
1135 4081 1227 4150 hunc
1246 4080 1388 4150 modum
1404 4080 1555 4172 loquitur
1577 4101 1589 4176 ².

359 4200 468 4270 Sinite
493 4201 554 4269 doc
581 4199 665 4282 loce,
689 4201 775 4269 sicut
796 4213 918 4290 poetae
944 4197 1050 4266 solent
1073 4196 1136 4288 qui
1158 4219 1208 4264 res
1232 4199 1401 4264 Romanos
1423 4194 1585 4280 scribant,

358 4317 543 4408 praeterire
567 4339 620 4384 me
645 4331 794 4386 nostram
816 4313 1083 4383 calamitatem
1105 4313 1157 4381 Ex
1180 4311 1234 4379 his
1259 4311 1420 4380 omnibus
1445 4320 1586 4403 apparet

394 4542 419 4598 l.
435 4539 505 4604 cic..
524 4543 560 4596 De
578 4546 637 4596 nat.
654 4541 742 4608 deor„
760 4540 807 4606 ΙΙΙ,
822 4555 917 4602 xxxin,
934 4538 977 4594 81.

391 4625 418 4679 2.
436 4621 495 4691 Dio,
509 4620 647 4686 XXXVll,
664 4621 708 4676 37.

391 4702 419 4760 3.
434 4704 487 4758 Pro
501 4703 618 4765 Archia,
632 4701 680 4768 ΙΙΙ,
695 4701 742 4756 21.

392 4781 419 4836 4.
435 4783 488 4836 Pro
504 4781 561 4851 leae
576 4783 703 4847 Manilio,
719 4779 763 4848 ΙΙΙ,
775 4780 820 4836 25.
