3830 5786
753 623 929 690 -13-

235 798 268 858 et
283 789 423 859 arduam
441 791 694 859 contentionem
710 788 818 857 fuisse
834 789 1077 881 comperimus,
1095 811 1174 858 curn
1189 812 1316 880 magna
1329 814 1409 882 pars
1424 793 1460 863 in

234 905 277 975 iis
292 905 486 975 civitatibus
501 905 649 975 foedaris
663 905 718 973 sui
733 903 926 974 libertatem
943 903 1074 974 civitati
1088 905 1275 975 anteferret
1287 908 1309 974 ¹.
1327 905 1459 989 Quibus

235 1023 346 1092 adbuc
360 1022 600 1092 cunctantibus
620 1022 671 1113 (ut
686 1022 819 1113 opinor)
836 1021 876 1092 P.
895 1021 1040 1090 Crassus
1056 1044 1178 1092 censor
1190 1023 1334 1092 Alexam
1351 1023 1459 1092 Hera-

234 1138 400 1208 cliensem
421 1138 559 1231 proprio
582 1140 660 1230 jure
680 1137 808 1207 tabulis
833 1137 981 1207 inseruit
992 1138 1015 1206 ².
1041 1137 1129 1208 Vicit
1153 1138 1300 1232 denique
1323 1139 1458 1208 romani

234 1253 386 1324 nominis
402 1255 553 1340 claritas,
570 1264 605 1324 et
626 1253 792 1345 Neapolis
807 1254 1043 1346 Hcracleaque
1063 1277 1106 1324 ex
1130 1252 1325 1326 civitatibus
1346 1255 1459 1325 muni-

235 1369 325 1462 cipia
348 1370 457 1439 iactae
483 1379 575 1438 sunt.
598 1368 698 1452 Quod
722 1368 862 1461 quidem
881 1369 923 1439 de
939 1369 1180 1461 Neapolitanis
1205 1369 1331 1440 diserte
1355 1370 1461 1440 tradi-

234 1487 329 1569 tur³;
350 1485 518 1556 sedidem
539 1508 620 1554 mox
641 1484 682 1554 ab
704 1485 982 1556 Heracliensibus
1001 1486 1176 1556 decretum
1192 1484 1298 1554 luisse
1316 1491 1463 1556 testatur

234 1623 314 1671 cum
338 1601 414 1693 ipsa
437 1601 613 1672 Ciceronis
637 1624 699 1693 pro
724 1601 853 1671 Archia
879 1601 1003 1686 oratio,
1029 1601 1066 1671 in
1092 1625 1160 1695 qua
1184 1625 1225 1670 ea
1250 1601 1332 1671 urbs
1358 1625 1459 1695 saepe

233 1715 464 1809 municipium
487 1725 664 1804 vocatur⁴,
690 1727 762 1786 tum
787 1717 877 1807 legis
901 1719 1015 1788 Juliae
1039 1719 1258 1812 municipalis
1284 1720 1460 1813 exemplar

234 1833 419 1902 Heracleae
455 1835 664 1926 repertum⁸.
704 1831 875 1918 Ceterum,
913 1856 994 1904 cum
1030 1835 1237 1904 tabularium
1274 1835 1460 1904 Heracleae

233 1949 410 2039 publicum
426 1973 467 2019 eo
483 1958 636 2040 tempore
652 1949 774 2019 luisset
786 1949 965 2019 incensum
976 1952 1001 2036 ⁸,
1018 1951 1173 2036 Archias,
1188 1951 1327 2020 nemine
1343 1960 1462 2020 oontm

235 2064 383 2150 dicente,
403 2065 613 2158 adscriptum
628 2087 665 2135 se
683 2065 941 2136 Heracliensem
960 2067 1133 2138 declarare
1148 2067 1273 2161 potuit,
1292 2078 1326 2136 et
1340 2076 1457 2159 utpote

235 2180 294 2271 qui
310 2179 516 2273 jampridem
532 2181 661 2250 Romae
687 2181 901 2252 domicilium
916 2183 1070 2271 baberet,
1092 2184 1183 2278 apud
1200 2194 1394 2276 praetorem
1414 2181 1454 2265 Q.

234 2296 411 2366 Metellum
429 2296 540 2384 Pium,
558 2296 764 2368 familiarem
779 2321 895 2383 suum,
911 2300 1064 2391 proliteri
1076 2302 1099 2370 ².

278 2547 371 2618 XlV.
399 2548 521 2620 Statim
541 2549 686 2640 hujusce
710 2550 793 2619 anni
810 2572 981 2637 censores,
998 2550 1038 2621 P.
1059 2551 1212 2621 Licinius
1237 2551 1393 2634 Crassus,
1414 2551 1453 2621 L.

233 2665 347 2735 Julius
365 2663 504 2750 Caesar,
515 2687 624 2733 novos
637 2665 730 2735 cives
745 2666 781 2734 in
796 2669 890 2737 octo'
900 2667 979 2756 (vel,
989 2676 1027 2736 ut
1039 2667 1097 2736 alii
1115 2667 1340 2752 tradiderunt,
1354 2668 1389 2736 in
1404 2668 1460 2735 de·

235 2802 309 2850 cern
321 2781 346 2871 ⁹)
357 2802 465 2849 novas
482 2780 590 2850 tribus
605 2781 870 2873 descripserunt,
884 2805 969 2874 quas
986 2793 1100 2853 tamen
1114 2783 1210 2854 brevi
1225 2793 1344 2876 postea
1359 2783 1459 2852 abro-

233 2905 332 2986 gatas
345 2919 524 2990 novosque
541 2897 634 2968 cives
647 2897 820 2967 veteribus
836 2897 1053 2969 intermixtos
1068 2899 1175 2970 fuisse
1188 2889 1459 2993 comperimu's¹⁰.

269 3148 294 3201 1.
316 3143 385 3216 Cic,
401 3149 455 3204 Pro
468 3148 563 3216 Balbo,
575 3149 648 3221 Vlll,
664 3151 709 3206 21.

267 3229 294 3283 2.
314 3229 368 3284 Pro
383 3229 476 3297 liotbc,
492 3227 578 3300 Xllll,
594 3233 640 3286 50.
655 3230 759 3288 Eodem
774 3239 894 3305 tempore
909 3235 959 3291 Cn.
972 3233 1071 3291 Strabo
1085 3233 1119 3289 P.
1136 3233 1262 3290 Caesium
1275 3233 1463 3289 Ravennatem

232 3306 314 3377 (Cic,
326 3308 420 3380 ibim),
437 3309 506 3366 alius
522 3309 691 3384 nescioquis
706 3311 852 3386 imperator
870 3314 949 3386 (non,
968 3321 996 3368 ut
1012 3312 1144 3385 gloriatur
1157 3313 1329 3382 Paterculue,
1341 3313 1462 3385 popular

232 3388 376 3458 romanus)
386 3387 530 3445 Minatium
544 3390 665 3460 bingium
680 3391 889 3449 Aeculanensen
904 3393 983 3464 (vett.
994 3393 1066 3463 Pat.,
1083 3393 1116 3459 11,
1135 3395 1178 3467 16)
1194 3393 1292 3450 viritim
1307 3391 1462 3449 616661666-

233 3473 306 3525 runt.
317 3465 393 3534 Quae
407 3467 499 3525 omnia
511 3469 538 3524 in
552 3469 636 3543 globo
648 3470 763 3528 lorsitan
781 3470 953 3545 plebiscitum
969 3472 1094 3545 permisit
1110 3473 1151 3530 rel
1166 3474 1318 3531 excusavit.

268 3547 295 3602 3.
316 3546 385 3617 Cic,
402 3549 450 3604 Aci
463 3550 543 3617 lam..
560 3551 636 3621 Xlll,
651 3555 744 3621 xxx,1
763 3569 770 3607 :
786 3555 817 3610 b.
833 3555 956 3610 Nuntius
970 3561 1008 3612 est
1023 3555 1107 3613 Sosis.
1124 3557 1150 3610 ls
1163 3557 1219 3623 [uit
1235 3556 1399 3623 Catinensis,
1414 3555 1462 3610 sed

231 3633 272 3682 est
292 3643 349 3682 una
367 3643 430 3684 cum
452 3631 565 3702 retr'quis
584 3632 773 3702 Neapolitanis
789 3636 857 3689 cinis
879 3651 1009 3690 romanor
1025 3637 1116 3702 tactus
1140 3635 1304 3706 decurioque
1322 3636 1462 3705 Neapoli:

231 3712 289 3760 erat
304 3709 377 3762 enirn
391 3709 547 3780 adscriptus
561 3713 591 3766 in
612 3711 644 3766 id
657 3715 841 3784 municipium
856 3719 920 3770 onte
934 3717 1071 3771 cicitatem
1084 3717 1167 3771 sociis
1182 3721 1206 3770 et
1224 3716 1332 3770 Latinis
1356 3715 1461 3773 dutum.

268 3787 295 3843 l.
316 3789 370 3844 Pro
380 3789 494 3857 Archia,
512 3790 558 3859 lV,
573 3791 610 3860 83
627 3792 752 3863 10;x11,
767 3793 812 3853 31.

267 3869 295 3925 5.
311 3867 378 3924 (1.1.
395 3871 440 3940 1..,
457 3869 557 3937 1,206.

261 3947 294 4003 ,6.
315 3949 368 4004 Pro
379 3951 495 4019 Archia,
513 3949 559 4017 tv,
576 3951 607 4008 8.

265 4027 294 4081 7.
315 4027 419 4085 Metelli
443 4037 573 4102 praetura
596 4032 703 4090 videtur
727 4035 753 4091 in
777 4053 878 4092 anuum
904 4035 936 4094 tt.
963 4035 993 4096 C.
1018 4039 1072 4094 665
1095 4037 1203 4102 cadere,
1224 4053 1379 4112 quanquam
1401 4052 1463 4092 eum

233 4115 366 4179 sequente
389 4125 461 4165 anno
481 4109 609 4168 Aurelius
627 4112 720 4171 Victor
736 4117 786 4187 (lic
804 4119 858 4176 uir.
877 4118 930 4187 ttt,
953 4117 999 4191 63)
1023 4125 1051 4174 61
1069 4118 1212 4193 Appianus
1234 4118 1275 4192 (li.
1292 4117 1362 4188 Ciu,
1379 4115 1401 4185 l,
1417 4117 1462 4186 53)

229 4193 384 4257 praetorem
398 4189 441 4245 vel
456 4191 598 4257 στρατηγόν
609 4195 763 4267 appellant;
780 4197 828 4254 sed
844 4197 912 4253 baec
924 4213 978 4252 vox
988 4197 1083 4254 crebro
1097 4206 1244 4272 usurpatur
1257 4196 1303 4254 ubi
1317 4213 1370 4268 pre
1383 4213 1464 4268 proe-

233 4271 289 4322 tore
308 4268 389 4324 scribi
405 4271 557 4342 oportebat.

268 4349 296 4402 8.
317 4347 387 4405 Vell.
404 4349 478 4419 Pet,
497 4352 531 4416 ll,
546 4355 590 4410 20.

266 4428 294 4486 e.
308 4431 468 4519 ⁸epplenus,
484 4435 515 4488 B.
532 4435 601 4503 Ciu,
616 4436 637 4505 l,
654 4437 697 4492 te.
717 4437 837 4506 Scilicet,
853 4446 883 4495 ut
898 4439 1003 4513 opinor,
1019 4443 1081 4498 octo
1095 4435 1222 4498 tribubus
1235 4457 1270 4497 ex
1280 4441 1341 4514 1636
1351 4436 1461 4496 Plautio

216 4513 330 4564 ‘creatis
343 4519 521 4570 accesserunt
535 4514 606 4572 duae
620 4514 689 4573 aliae
700 4519 756 4590 J'am
772 4519 910 4592 superiore
923 4537 995 4575 anno
1014 4537 1047 4576 ex
1069 4521 1129 4594 1636
1145 4519 1292 4593 Calpurnia
1305 4520 1458 4577 institutae.

233 4585 274 4643 Cf.
290 4587 436 4649 Sisennam
455 4610 499 4668 ap.
516 4594 652 4652 Nunnium
668 4613 692 4654 a.
709 4615 734 4654 r.
750 4603 841 4656 senati
855 4599 913 4672 (lib.
936 4599 982 4669 111,
1006 4601 1040 4658 lr.
1060 4603 1093 4657 17
1111 4603 1204 4675 Peter)
1219 4619 1225 4658 :
1246 4603 1274 4658 b.
1293 4602 1459 4670 catparnius

232 4668 295 4723 Piso
310 4675 446 4728 cesenati
460 4677 583 4732 consulto
596 4677 665 4734 duos
678 4695 763 4736 nouos
778 4681 866 4737 tribus
882 4679 1020 4754 (rogavit).

269 4748 313 4806 10.
333 4749 404 4822 bia,
419 4755 484 4826 Bp,
500 4759 554 4826 7⁷3
569 4759 698 4830 Appiam,
710 4759 731 4826 l,
748 4761 793 4817 55.
807 4760 864 4818 lloo
878 4763 988 4836 exlege
1003 4761 1126 4838 Sulpicia
1136 4763 1237 4822 laetum
1248 4772 1301 4834 est,
1313 4780 1387 4837 quae
1397 4778 1461 4820 mox
