3830 5786
921 671 1099 738 ...48-

395 838 569 909 Ciceronis
588 837 674 906 haec
689 839 790 906 sunt¹
809 859 817 904 :
837 809 990 928 Populus
1013 859 1174 905 romanus
1187 837 1333 928 aperuit,
1355 837 1499 907 Lucullo
1514 837 1621 930 impe·

392 968 501 1039 rante,
520 957 665 1022 Pontum
687 967 720 1021 et
742 952 842 1044 repiis
863 951 1039 1044 quondam
1063 952 1183 1042 opibus
1205 966 1238 1020 et
1256 954 1330 1046 ipsa
1344 966 1472 1022 natura
1487 955 1621 1045 eprepie

394 1071 573 1141 uallatum.
605 1067 732 1162 Populi
756 1068 892 1138 romani
919 1068 1094 1154 exercitus,
1114 1067 1230 1136 eodem
1259 1067 1355 1154 duce,
1376 1092 1443 1137 non
1469 1070 1621 1138 mommo

395 1209 514 1268 manu,
533 1183 793 1254 innumerabiles
816 1184 1056 1253 Armeniorum
1080 1185 1194 1277 copias
1212 1183 1319 1276 fudit.
1342 1185 1466 1278 Populi
1488 1184 1624 1253 romani

397 1302 471 1371 laus
491 1313 539 1370 est
562 1301 680 1370 corbem
704 1299 948 1368 amicissimam
974 1301 1218 1390 Cyzicenorum
1241 1301 1393 1392 ejusdem
1418 1301 1554 1370 consilio
1580 1324 1623 1369 ea

398 1419 492 1486 omni
505 1419 635 1508 impetu
654 1416 748 1508 rapio
772 1430 876 1508 atque
895 1439 913 1484 e
933 1415 1035 1484 totius
1055 1415 1134 1484 belli
1154 1440 1210 1484 ore
1229 1440 1270 1484 ac
1288 1417 1451 1508 faucibus
1474 1429 1625 1508 ereptam

397 1557 465 1603 esse
489 1546 594 1626 atque
611 1547 794 1602 servatam.
814 1535 938 1601 Nostra
954 1553 1085 1625 semper
1097 1534 1227 1622 seretur
1251 1545 1285 1601 et
1300 1532 1565 1622 praedicabitur,
1588 1537 1622 1600 t.

399 1649 541 1720 Lucullo
571 1649 769 1730 dimicante,
801 1671 880 1718 cum
910 1649 1096 1739 interfectis
1122 1649 1264 1718 ducibus
1294 1650 1449 1741 depressa
1477 1649 1625 1718 bostium

403 1767 514 1836 elassis
532 1779 566 1835 et
580 1764 785 1836 incredibilis
807 1766 905 1859 apud
926 1764 1093 1834 Tenedum
1106 1789 1230 1858 pupna
1249 1766 1310 1834 illo
1331 1765 1462 1835 naualis
1482 1779 1624 1834 :nostra

397 1895 479 1951 sunt
510 1894 662 1973 tropaea,
689 1895 805 1950 nostra
825 1893 1054 1964 monumenta,
1077 1882 1184 1950 nostri
1204 1882 1380 1974 triumphi.
1411 1882 1473 1950 His
1496 1881 1621 1962 verbis,

400 1997 480 2068 licet
495 2008 689 2091 temporum
702 1996 858 2067 ordinem
872 2019 993 2088 parum
1010 1997 1237 2082 servantibus,
1251 1997 1337 2067 mihi
1352 1998 1508 2090 persuasi
1523 2020 1624 2090 argu-

402 2123 555 2182 mentum
574 2114 680 2183 tatius
702 2113 860 2182 Archiaci
883 2113 1044 2182 carminis
1063 2115 1112 2182 ita
1134 2113 1278 2206 exprimi
1300 2124 1337 2182 ut
1359 2113 1508 2205 singulis
1525 2113 1622 2183 libris

361 2265 366 2276 ·
404 2231 563 2320 singulae
597 2231 785 2300 sententiae
820 2230 1059 2321 respondeant.
1095 2231 1211 2300 Primo
1247 2230 1353 2322 igitur
1386 2231 1473 2300 libro
1506 2229 1620 2321 (quem

406 2347 523 2417 Cicero
544 2346 645 2415 tertio
662 2346 738 2416 loco
756 2347 884 2438 posuit)
905 2345 1040 2415 initium
1061 2346 1155 2431 belli,
1177 2347 1276 2415 fusus
1299 2347 1391 2438 apud
1410 2345 1625 2416 Calchedona

402 2461 573 2531 exereitus
600 2462 718 2533 Cottae
748 2461 947 2531 summatim
974 2463 1241 2547 memorabatur,
1272 2486 1353 2532 mox
1378 2485 1433 2532 res
1461 2483 1624 2532 romanae

400 2577 535 2647 Luculli
552 2577 689 2647 consilio
705 2579 895 2663 restitutae,
912 2589 944 2648 et
960 2579 1042 2648 urbs
1064 2578 1310 2672 Cyzicenorum
1325 2603 1343 2648 e
1359 2578 1440 2649 belli
1451 2602 1507 2648 ore
1525 2588 1626 2668 atque

400 2693 560 2786 saucibus
578 2705 704 2786 erepta.
724 2695 903 2765 Secundus
921 2693 1008 2764 liber
1028 2704 1120 2764 totus
1136 2705 1208 2765 erat
1227 2695 1263 2764 in
1285 2695 1425 2789 proeliis
1446 2694 1625 2764 navalibus

403 2809 599 2902 pingendis,
626 2812 733 2880 altero
754 2810 844 2902 apud
867 2809 1048 2880 Tenedum
1072 2811 1139 2903 (vel
1166 2811 1280 2903 potius
1303 2811 1520 2882 Achaeorum
1546 2832 1625 2902 por·

403 2937 478 2994 tum
488 2927 512 3017 ³)
529 2925 588 2995 ubi
603 2926 767 2996 tredecim
782 2927 897 3018 regias
911 2928 1175 3020 quinqueremes
1190 2927 1368 2998 aLucullo
1387 2950 1518 2997 mersas
1535 2948 1625 2996 com-

402 3041 567 3134 perimus,
590 3043 698 3111 altero
720 3043 811 3135 apud
829 3043 978 3112 insulam
992 3047 1087 3128 Νέας,
1103 3043 1138 3112 in
1155 3066 1222 3136 quo
1242 3044 1413 3136 interfecti
1426 3043 1514 3135 reqii
1525 3041 1626 3110 dcrces

404 3168 439 3226 et
455 3157 613 3250 depressa
624 3158 690 3227 luit
703 3159 849 3229 bostium
865 3159 990 3229 classis.
1008 3161 1123 3231 Tertio
1136 3161 1222 3230 libro
1241 3160 1422 3230 Ponticum
1440 3180 1586 3251 regnum
1607 3179 1627 3226 a

400 3275 544 3344 Lucullo
582 3290 740 3368 apertum
775 3288 810 3346 et
842 3287 1048 3369 occupatum
1083 3277 1297 3362 narrabatur,
1328 3276 1499 3369 proelium
1539 3273 1629 3365 apud

401 3391 533 3474 tiabira,
559 3373 643 3481 fuga
668 3393 889 3479 Mithridatis,
913 3395 1086 3487 regiarum
1111 3393 1273 3486 pellicum
1292 3391 1465 3477 interitus,
1491 3389 1629 3459 urbium

402 3506 549 3598 denique
568 3507 791 3578 Ponticarum
810 3511 1031 3603 expugnatio.
1049 3509 1199 3593 Quartus
1222 3509 1431 3600 ultimusque
1451 3507 1538 3576 liber
1557 3505 1630 3575 bel·

403 3623 474 3691 lum
491 3624 735 3695 Armeniacum
754 3626 949 3696 continebat
964 3634 997 3695 et
1012 3626 1159 3696 maxime
1175 3647 1330 3718 pugnam
1342 3624 1632 3715 Tigranocerten-

402 3761 477 3807 sam
501 3739 558 3808 ubi
574 3740 742 3810 Lucullus
759 3765 827 3810 non
843 3744 997 3812 maxima
1017 3766 1136 3826 manu,
1159 3742 1290 3812 scilicet
1312 3763 1395 3810 xxrv
1416 3737 1626 3818 cohortibus,

401 3855 662 3925 innumerabiles
672 3858 908 3927 Armeniorum
921 3859 1047 3952 copias,
1062 3859 1191 3929 scilicet
1202 3853 1623 3934 mxxvmilliahominum,

403 3993 470 4040 ase
485 3972 580 4040 fusas
592 3973 814 4064 gloriabatur.
828 3976 934 4046 Vides
944 3997 1037 4044 nunc
1051 3997 1154 4068 quam
1169 3973 1283 4066 lepide
1300 3973 1417 4043 omnia
1431 3970 1624 4054 concinant,

402 4088 575 4181 quomodo
587 4090 772 4184 unicuique
784 4091 870 4161 libro
880 4093 1056 4185 preprium
1068 4101 1321 4185 argumentum,
1332 4089 1626 4179 circumscriptum

403 4227 442 4273 ac
461 4205 526 4274 sibi
543 4205 729 4292 sufficiens,
748 4207 940 4299 subjectum
963 4209 1018 4292 sit,
1036 4231 1140 4301 quam
1158 4208 1304 4278 feliciter
1325 4206 1472 4297 denique
1495 4204 1531 4273 in
1556 4201 1628 4272 sin-

400 4319 493 4410 gulis
511 4319 608 4389 libris
631 4323 730 4391 loeus
750 4333 784 4391 et
803 4325 936 4393 ornatio
948 4324 1083 4394 fabulae
1094 4333 1282 4409 mutentur,
1295 4323 1386 4414 quod
1408 4319 1629 4414 permittebat

401 4431 466 4501 boe
477 4432 667 4520 bellum,ut
679 4436 796 4506 Cicero
810 4437 868 4522 ait,
882 4438 993 4506 multa
1005 4438 1168 4508 varietate
1179 4451 1268 4507 terro
1278 4437 1435 4529 marique
1444 4447 1627 4507 uersatum.

439 4639 464 4694 l.
485 4639 541 4696 Pro
555 4641 671 4712 Arabio,
688 4643 735 4712 IX,
748 4645 793 4700 21.

433 4719 462 4778 2.
482 4719 512 4775 ld
528 4721 661 4794 proelium
678 4725 778 4792 (etue,
792 4727 876 4792 buc„
893 4725 946 4796 12;
967 4726 1107 4795 Memnon,
1122 4744 1147 4786 c.
1163 4727 1207 4800 ⁴2)
1221 4724 1446 4800 distinguendum
1461 4729 1504 4782 cst
1524 4723 1559 4780 ab
1577 4719 1630 4778 alio

401 4799 430 4854 in
446 4799 543 4856 iisdem
560 4802 626 4858 locis
646 4819 663 4858 a
680 4803 785 4861 Triario
799 4805 956 4878 commisso,
976 4808 1010 4863 da
1028 4807 1289 4881 queritantem..
1304 4808 1353 4864 48.
