3830 5786
943 623 1164 750 2-20-'

420 846 533 932 ritate,
550 848 653 928 lama,
670 857 845 918 oratorum
866 848 964 918 facile
985 847 1142 940 princeps
1158 857 1192 915 et
1212 846 1466 939 quodammodo
1481 871 1542 917 rex
1552 847 1644 940 judi·

419 964 550 1032 ciorum
571 963 772 1032 habebatur.
791 963 835 1034 M.
855 964 1002 1047 Tullius,
1018 972 1136 1054 utpote
1165 973 1302 1055 praeter
1324 969 1456 1033 ceteros
1482 963 1643 1032 Graeciae

420 1078 678 1147 amantissimus
688 1082 697 1116 ¹
708 1089 742 1148 at
751 1080 809 1170 qui
822 1080 908 1148 mira
918 1079 1127 1171 benignitate
1138 1093 1317 1172 poetarum
1330 1079 1642 1171 ingenialovebat⁸,

419 1193 572 1262 hominis
588 1195 714 1285 graeci,
731 1196 933 1287 praesertim
951 1207 1071 1287 poetae
1085 1198 1185 1288 cujus
1200 1195 1409 1264 carminibus
1423 1193 1571 1264 maxime
1586 1194 1643 1263 de·

419 1307 622 1385 lactabatur,
647 1331 784 1380 causam
813 1309 959 1380 libenter
979 1310 1160 1383 ,videbatur
1191 1319 1431 1403 suscepturum
1462 1310 1644 1380 accedebat

421 1427 709 1496 arctissimarum
731 1427 876 1497 Lucullo
901 1427 1111 1518 conjunctio,
1138 1429 1237 1519 cujus
1257 1449 1322 1518 ope
1342 1435 1376 1496 et
1403 1426 1557 1496 consiliis
1573 1407 1643 1495 non

420 1544 528 1614 semel
543 1544 578 1612 in
595 1545 777 1613 consulatu
794 1566 857 1613 suo
874 1566 975 1611 usum
995 1565 1031 1612 se
1057 1543 1279 1634 profitebatur
1295 1543 1319 1609 ².
1343 1542 1458 1611 Etiam
1481 1541 1642 1612 Archiam

419 1683 440 1730 a
457 1659 574 1754 pueris
590 1660 655 1729 sibi
670 1659 859 1752 cognitum,
879 1659 982 1752 hujus
995 1681 1032 1727 se
1050 1657 1213 1751 auspiciis
1228 1658 1342 1728 studia
1352 1658 1486 1750 poetica
1502 1681 1644 1751 aggres-

420 1801 497 1846 sum
508 1775 734 1846 contendebat
749 1777 777 1860 ⁵3
796 1776 888 1868 quod
898 1775 972 1845 lieri
985 1775 1109 1868 potuit,
1125 1775 1201 1858 etsi,
1219 1775 1427 1868 ubicumque
1441 1776 1482 1845 de
1495 1777 1643 1869 pueritia

420 1903 455 1961 et
475 1891 597 1962 studiis
615 1892 687 1960 suis
701 1891 787 1982 agit,
812 1892 920 1961 altum
935 1892 977 1961 de
991 1891 1119 1960 Archia
1136 1891 1312 1960 silentium
1327 1891 1505 1961 miramur.
1525 1893 1643 1962 Potuit

424 2019 631 2078 tamencum
654 2007 745 2100 apud
758 2008 920 2078 Crassum
947 2018 1117 2076 oratorem
1130 2009 1241 2099 (cujus
1267 2007 1408 2076 domum
1425 2008 1563 2077 assidue
1578 2009 1640 2078 fre-

419 2123 616 2215 quentabat)
638 2123 838 2193 recitantem
859 2123 992 2209 audire,
1007 2122 1119 2215 potuit
1142 2122 1259 2203 etiam,
1282 2145 1359 2192 cum
1383 2122 1481 2192 Arati
1502 2146 1641 2193 carmen

418 2238 523 2306 latine
539 2247 699 2323 verteret,
714 2237 860 2306 Archiae
872 2235 1041 2328 judicium
1058 2245 1091 2304 et
1115 2259 1218 2306 aures
1244 2235 1279 2305 in
1305 2237 1487 2306 consilium
1505 2261 1638 2308 vocare.

419 2353 497 2439 Sed,
525 2363 563 2422 ut
585 2362 702 2422 vetera
719 2362 753 2422 et
780 2353 913 2422 incerta
938 2351 1107 2434 omittam,
1141 2374 1303 2443 praeseus
1327 2361 1401 2420 tum
1428 2352 1583 2430 Ciceroni
1606 2363 1640 2424 et

417 2470 530 2557 majus
545 2467 662 2536 aderat
683 2466 945 2536 incitamentum
960 2476 998 2536 ut
1012 2466 1160 2537 Archiae
1171 2488 1310 2536 causam
1326 2489 1397 2535 non
1411 2469 1512 2539 modo
1528 2470 1640 2539 susci·

417 2593 523 2674 peret,
542 2583 601 2652 sed
618 2583 717 2675 quasi
740 2605 839 2651 suam
860 2584 1013 2651 faceret:
1040 2581 1170 2652 scilicet
1185 2583 1258 2651 viro
1274 2581 1385 2652 laudis
1415 2583 1612 2654 avidissimo
1629 2587 1640 2622 ⁵

417 2699 563 2767 callidus
584 2699 734 2768 Graecus
760 2707 881 2789 sponte
900 2720 1038 2767 carmen
1061 2698 1267 2790 promiserat
1281 2699 1316 2767 in
1332 2723 1399 2792 quo
1422 2723 1477 2768 ras
1493 2701 1642 2770 celebra-

420 2825 515 2884 turus
532 2825 606 2884 erat
618 2815 660 2883 ab
677 2815 751 2906 ipso
767 2812 930 2884 Cicerone
943 2821 993 2903 (ut
1006 2815 1136 2883 Seneca
1147 2814 1205 2904 ait)
1221 2839 1289 2882 reon
1304 2815 1374 2884 sine
1385 2841 1486 2885 corno
1499 2816 1560 2886 sed
1571 2817 1641 2886 sinc

416 2929 656 3021 fineloudutos
669 2931 691 2998 ⁶.
712 2929 837 3016 lmmo,
851 2938 891 2998 ut
916 2929 1097 3021 promissis
1119 2928 1222 3000 fidem
1239 2930 1394 3018 adderet,
1411 2933 1555 3001 Archias
1569 2955 1640 3001 rem

417 3045 652 3131 inchoaverat,
669 3045 832 3114 inchoata
854 3045 974 3115 Cicero
998 3045 1130 3135 ingenti
1150 3068 1186 3113 se
1206 3047 1382 3139 voluptate
1403 3048 1530 3141 legisse
1555 3050 1644 3120 late-

416 3160 527 3230 batur.
544 3163 592 3230 De
607 3185 675 3254 quo
690 3161 842 3230 carmine
855 3162 946 3231 infra
961 3161 1061 3230 nobis
1077 3161 1257 3231 dicendum
1271 3161 1356 3239 erit:
1374 3186 1468 3232 nunc
1496 3164 1579 3234 satis
1593 3177 1645 3234 est

418 3278 446 3347 si
470 3278 662 3347 monuerim
678 3277 724 3348 M.
751 3277 915 3364 Tullium,
937 3277 991 3346 his
1006 3277 1164 3346 versibus
1191 3278 1368 3366 allectum,
1397 3301 1466 3350 non
1497 3290 1566 3350 tam
1582 3303 1642 3374 pro

416 3395 544 3465 Archia
558 3417 660 3486 quam
675 3417 737 3486 pro
754 3394 918 3464 Cicerone
933 3394 1037 3463 verba
1062 3392 1197 3462 fecisse.

461 3635 539 3706 XX.
577 3635 729 3706 Vocatus
757 3644 810 3703 est
840 3633 959 3724 injus
986 3634 1132 3704 Archias
1164 3636 1278 3707 medio
1307 3659 1396 3708 anno
1414 3637 1470 3710 ·U.
1497 3638 1536 3708 C.
1564 3639 1641 3722 692,

420 3751 538 3822 Silano
550 3760 584 3820 ct
601 3750 846 3820 lllurenacoss.
860 3753 883 3820 ³.
897 3748 1045 3835 Judicia,
1061 3775 1148 3844 quae
1163 3753 1242 3842 lege
1259 3753 1368 3846 Papia
1385 3753 1643 3836 exercebantur,

457 4004 483 4060 l.
502 4003 549 4060 Ad
565 4003 698 4071 Atticum,
715 4001 737 4070 l,
759 4003 802 4058 15.

452 4083 480 4140 2.
497 4081 613 4149 Plinius,
628 4083 729 4152 Epist,
745 4081 795 4144 111.
810 4097 857 4150 xv,
874 4083 899 4138 l.

452 4163 481 4225 3.
496 4164 585 4220 Acud.
597 4167 700 4234 priua,
715 4163 749 4228 ll,
765 4181 784 4228 1,
798 4162 825 4217 3.

455 4245 481 4300 l.
496 4247 551 4301 Pro
562 4243 678 4310 Archia,
693 4243 716 4310 l,
733 4246 759 4302 1.

454 4325 481 4380 5.
499 4324 547 4381 Ad
559 4325 632 4392 Att,
648 4323 670 4391 l,
687 4324 743 4381 15:
762 4323 853 4392 Nunc,
873 4326 1004 4394 quonium
1022 4331 1046 4380 ct
1070 4326 1164 4384 laudis
1182 4327 1334 4383 avidissimi
1356 4339 1463 4394 semper
1479 4323 1596 4393 sitimus,
1619 4328 1645 4381 et

415 4411 529 4476 praeter
542 4411 643 4460 ceteros
658 4405 804 4469 φιλέλληνες.

454 4486 482 4540 6.
503 4484 671 4554 Senecam
691 4485 823 4540 breuitate
841 4486 922 4553 uitae,
937 4487 966 4543 5.

454 4567 481 4618 7.
499 4569 608 4620 Annum
623 4564 677 4620 litis
691 4574 773 4621 antea
788 4571 993 4620 controversum
1008 4572 1114 4624 certum
1128 4565 1215 4622 iecere
1236 4563 1340 4622 scholia
1360 4562 1507 4620 Bobicnsia
1527 4561 1567 4635 (p.
1591 4555 1644 4612 354

420 4643 517 4716 Orell.)
532 4644 676 4716 exquibus
691 4643 871 4718 comperimus
887 4645 1065 4704 lectissimum
1075 4650 1177 4714 cirum,
1193 4663 1277 4719 aquo
1290 4667 1304 4696 «
1322 4662 1371 4700 sua
1387 4643 1414 4699 in
1430 4643 1529 4700 bonam
1540 4645 1643 4714 partem

420 4723 476 4780 lore
492 4733 522 4781 ut
535 4724 705 4799 accipiantur
720 4747 735 4776 a
751 4723 845 4782 Cicero
864 4724 988 4789 confidit.
999 4727 1089 4800 ipsum
1105 4727 1138 4796 Q.
1156 4726 1315 4784 Ciceronem
1333 4725 1428 4782 luisse.
1445 4723 1534 4796 Hujus
1553 4728 1644 4776 eutem

420 4813 548 4880 praetura
569 4805 596 4862 in
615 4823 716 4862 aunum
737 4806 792 4864 692
812 4804 908 4861 incidit
927 4805 1063 4879 (Orosius,
1084 4809 1130 4875 Vl,
1147 4825 1183 4876 vr,
1203 4809 1231 4876 7,
1248 4807 1327 4880 eta).
1346 4806 1387 4862 Ex
1405 4805 1472 4862 Asia
1494 4799 1645 4876 provincia,
