3830 5786
814 669 991 734 ...31-

294 839 386 931 quod
410 839 583 909 Plenudes
606 839 752 908 Archiae
778 837 909 926 tribuit,
928 839 1036 907 codex
1051 861 1132 908 vero
1159 838 1337 908 Palatinus
1361 839 1517 910 ἀδέσποτον

293 954 432 1048 reliquit
444 961 466 1042 ¹,
477 957 654 1026 Ausonius
668 955 784 1026 latinis
800 955 848 1024 ita
862 954 1011 1026 reddidit
1023 956 1203 1027 versibus¹
1217 984 1223 1025 :

431 1153 587 1229 Quattuor
602 1157 745 1238 antiquos
760 1151 923 1216 celebravit
939 1151 1059 1214 Achaia
1076 1150 1165 1214 ludos
1181 1171 1191 1213 :

511 1251 536 1314 C
538 1252 701 1314 coliculum
717 1253 779 1314 duo
793 1261 866 1312 sunt
881 1261 911 1312 et
926 1251 987 1314 duo
1002 1253 1082 1332 festa
1095 1251 1262 1312 homiuum.

428 1349 526 1412 Sacro
541 1350 629 1412 louis
643 1349 820 1432 Phoebique
834 1348 1029 1411 Palaemonis
1046 1349 1294 1431 Archemorlque,

508 1447 600 1512 Serta
614 1449 725 1532 quibus
738 1451 845 1534 pinus,
861 1447 969 1523 mulus,
987 1447 1080 1524 oliuu,
1096 1449 1213 1532 apium.

334 1697 378 1768 V.
403 1697 532 1769 Ultima
547 1707 598 1765 est
616 1697 772 1790 quaestio
788 1697 829 1766 (18
844 1719 904 1766 sex
922 1695 1193 1789 epigrammatis,
1210 1715 1364 1789 συναγωγῇ
1380 1696 1515 1766 cuidam

290 1812 482 1883 carminum
504 1812 678 1884 Leonidae
697 1811 920 1882 Alexandrini
939 1811 1130 1904 permixtis,
1148 1835 1235 1903 quae
1265 1811 1437 1881 Planudes
1452 1814 1517 1881 Ar·

289 1930 399 2015 chiae,
424 1927 591 2021 Cephalus
615 1928 681 2021 ipsi
701 1926 875 1998 Leonidae
899 1927 1018 1996 tribuit
1031 1928 1054 1995 ².
1080 1928 1125 1997 Et
1152 1926 1217 1997 boc
1240 1927 1378 2020 quidem
1404 1929 1516 2017 magis

291 2045 515 2138 probandum,
532 2067 602 2114 non
618 2044 718 2113 modo
736 2043 816 2137 quia
832 2043 1030 2112 vetustioris
1042 2042 1140 2112 testis
1151 2043 1264 2134 potior
1279 2052 1331 2111 est
1345 2042 1442 2130 fides,
1455 2044 1516 2112 sed

290 2160 394 2230 etiam
423 2171 563 2254 propter
594 2160 681 2230 alias
714 2158 979 2252 subtilioresque
1015 2159 1181 2230 rationes.
1220 2157 1392 2229 Leonidas
1424 2160 1515 2228 euim

291 2285 404 2366 poeta,
431 2275 490 2368 qui
506 2276 596 2346 eirca
610 2275 756 2345 Neronis
771 2286 805 2344 et
820 2274 1025 2367 Vespasiani
1049 2286 1204 2367 tempora
1231 2275 1360 2362 floruit,
1382 2275 1419 2344 in
1442 2275 1515 2368 pla·

289 2391 404 2484 risque
422 2392 683 2484 epigrammatis
698 2391 926 2461 arctissimam
940 2392 1054 2483 legem
1071 2397 1221 2482 ’νοοψηοίος
1237 2391 1354 2484 (quam
1370 2415 1406 2460 se
1421 2392 1516 2460 inve-

290 2506 382 2576 nisse
409 2507 616 2600 gloriaturt)
641 2507 770 2577 infelici
794 2507 958 2577 felicitate
987 2506 1202 2592 observavit;
1230 2510 1329 2600 cujus
1354 2507 1442 2577 ratio
1467 2507 1516 2576 ita

289 2643 325 2690 ae
349 2621 464 2692 habet.
487 2624 596 2693 Poeta
616 2624 720 2693 verba
740 2623 777 2693 in
796 2623 888 2692 hunc
904 2623 1046 2692 modum
1059 2623 1155 2712 eligit
1178 2645 1219 2692 ac
1241 2623 1402 2716 disponit,
1419 2633 1470 2704 ut,
1485 2621 1515 2690 si

288 2736 419 2808 litteras
433 2761 496 2830 pro
519 2738 612 2808 notis
636 2737 870 2808 numeralibus
893 2737 1032 2820 babeas,
1065 2738 1224 2830 utrinque
1241 2738 1398 2807 eamdem
1424 2760 1516 2806 sum·

289 2876 381 2922 mam
403 2854 573 2940 invenias,
592 2853 723 2925 scilicet
741 2855 776 2924 in
794 2864 940 2948 utroque
954 2877 1058 2925 versu
1083 2854 1112 2923 si
1139 2853 1286 2940 duobus,
1311 2853 1349 2922 in
1368 2865 1513 2946 utroque

289 2967 435 3041 disticho
457 2971 485 3040 si
504 2981 665 3065 quattuor
689 2971 846 3042 versibus
867 2969 1080 3063 epigramma
1103 2971 1310 3041 continetur.
1331 2971 1408 3041 Jam
1432 2993 1513 3039 vero

289 3109 331 3154 ex
349 3084 403 3154 his
418 3085 459 3155 de
475 3088 599 3180 quibus
615 3087 801 3179 ambigitur
818 3085 1041 3170 carminibus,
1059 3086 1126 3154 duo
1144 3089 1287 3177 ἰσοψηφίαν
1302 3085 1346 3154 ad
1362 3108 1515 3177 unguem

289 3200 466 3287 exhibent,
506 3202 635 3272 scilieet
670 3203 817 3273 alterum
857 3201 897 3270 de
935 3201 1104 3294 Lysrppae
1125 3223 1237 3294 puero
1254 3203 1278 3285 ⁸,
1319 3205 1470 3288 Λυσίππης
1499 3212 1515 3270 ὁ

288 3328 445 3407 νεογνὸς...
478 3318 514 3387 18
543 3341 610 3411 quo
646 3330 829 3410 utrumque
869 3316 1040 3387 distichon
1072 3339 1245 3386 summam
1273 3319 1359 3387 7302
1393 3316 1512 3401 allicit,

288 3433 434 3502 alterum
451 3443 642 3524 μονοδίστιχον
658 3433 700 3504 de
711 3457 855 3502 uvarum
865 3433 977 3526 surc⁸,
992 3441 1281 3522 ὁστιφυλοκλοπίδκς
1297 3433 1512 3520 Ἑκατώνυμος,

288 3549 387 3639 cujus
420 3559 563 3641 uterque
593 3547 954 3618 888888111388181.
989 3545 1083 3616 Haec
1110 3546 1216 3637 igitur
1244 3547 1312 3615 duo
1342 3546 1514 3640 epigram-

286 3673 381 3733 mata
410 3665 600 3734 certissime
630 3663 806 3735 Leonidae
836 3663 1012 3734 reddenda
1040 3672 1137 3749 sunt,
1169 3685 1233 3733 nec
1261 3662 1376 3732 minus
1406 3663 1514 3732 confi·

288 3777 407 3848 denter
433 3779 580 3850 Archiae
610 3780 878 3872 abjudicaverim
904 3778 996 3848 istud
1023 3779 1065 3848 de
1094 3778 1201 3848 milite
1229 3789 1427 3869 aegrotante
1453 3777 1513 3870 qui

288 3893 353 3962 sibi
373 3906 519 3966 mortem
541 3896 615 3988 ipse
641 3897 854 3967 consciverat
866 3898 890 3983 ⁷,
912 3901 943 3966 ὃν
963 3904 1091 3983 πόλεμος
1110 3896 1209 3980 δεδιὼς
1224 3901 1276 3966 οὐκ
1297 3893 1512 3987 (1188888οά

323 4152 348 4212 1,
365 4151 452 4208 Antlr.
468 4153 540 4215 Pul..
558 4152 607 4218 tx,
621 4153 684 4213 357.

321 4234 348 4290 2,
365 4232 514 4300 Ausonius,
531 4235 601 4302 1181,
622 4235 656 4291 16
669 4235 707 4308 (ρ.
725 4233 787 4302 103,
803 4231 922 4306 Peiper).

321 4314 348 4369 3.
364 4314 451 4368 Anto.
467 4313 539 4382 rut,
557 4313 603 4378 tx,
618 4315 713 4377 315-8,
729 4314 792 4384 351,
807 4313 873 4369 351.

322 4393 349 4453 l.
366 4391 436 4460 Quid
452 4388 572 4460 ἰσόψηφοι
587 4411 684 4450 uersus
698 4395 770 4467 apud
787 4394 932 4448 liemarum
946 4393 993 4464 (A.
1011 4390 1099 4458 Geli„
1114 4391 1184 4460 xlv,
1198 4393 1226 4464 6)
1242 4391 1292 4448 ribi
1310 4391 1403 4461 velint,
1417 4409 1511 4466 parum

286 4473 352 4532 8818.
370 4473 432 4528 Alia
451 4480 516 4528 eunt
534 4491 605 4546 quae
623 4474 811 4531 Artemidorus
826 4475 969 4543 (0881818,
990 4471 1038 4536 111,
1053 4471 1107 4542 31;
1127 4471 1174 4542 tv,
1194 4475 1239 4542 24)
1259 4472 1418 4544 hariolatus,
1439 4474 1512 4545 quod

284 4567 385 4624 genus,
400 4551 515 4607 litteram
530 4551 556 4620 ρ’
571 4553 687 4610 faustum
703 4569 764 4610 esse
784 4552 850 4626 quia
862 4553 899 4608 sit
913 4547 1036 4616 ἰσόψηφος
1050 4569 1113 4606 cum
1125 4551 1215 4608 verbis
1229 4547 1269 4603 ἐπ’
1284 4552 1375 4616 ἀγαθά.

320 4633 348 4687 5.
362 4632 449 4692 Anu.
465 4634 537 4702 Pul,
553 4632 601 4702 tv,
615 4635 679 4691 351.
692 4633 826 4690 Numeros
838 4635 896 4706 ipse
909 4631 1080 4706 computari.

320 4712 349 4770 6.
364 4712 412 4780 111,
422 4713 485 4770 318.
501 4713 610 4772 Rursus
624 4731 754 4772 numeros
765 4713 931 4786 computari.

320 4793 348 4848 7.
366 4791 413 4864 tx,
429 4791 492 4850 351.
