3830 5786
837 689 1014 756 ..45-

310 859 519 940 inchoatam,
549 871 585 928 ut
610 859 775 942 diximus,
801 858 955 930 Ciceroni
978 855 1159 927 ostendit:
1187 854 1310 946 quibus
1331 854 1459 924 auditis
1486 856 1539 945 (ut

311 975 419 1070 ipsius
435 975 551 1046 verbis
567 977 658 1067 utar)
673 975 766 1069 quod
779 998 905 1068 maqna
919 997 970 1043 res
986 972 1052 1065 ipsi
1062 984 1095 1042 et
1102 969 1262 1063 jucunda
1278 969 1349 1038 visa
1363 982 1425 1054 est,
1443 969 1535 1038 lunc

309 1091 356 1162 ad
366 1091 611 1186 perficiendum
627 1091 828 1162 adhortatus
841 1103 890 1160 est
902 1092 924 1161 ¹.
936 1090 956 1158 J
959 1112 1015 1159 am
1029 1111 1133 1181 supra
1147 1087 1297 1157 vidimus
1311 1087 1370 1155 illo
1386 1085 1535 1154 maxime

310 1208 421 1278 officio
438 1209 638 1280 Ciceronem
660 1219 872 1278 commotum
893 1207 1046 1277 oravisse
1059 1203 1208 1274 Archiae
1231 1225 1369 1272 causam
1386 1224 1534 1294 eumque

308 1322 505 1393 imminenti
521 1323 674 1416 periculo
689 1323 873 1415 eripuisse;
892 1323 935 1407 is,
950 1321 1082 1414 judicio
1097 1319 1289 1400 absolutus,
1306 1319 1347 1388 de
1362 1319 1534 1410 promisso

307 1441 457 1510 carmine
476 1443 551 1534 jam
578 1463 649 1510 non
671 1439 821 1532 amplius
843 1438 1032 1532 cogitavit:
1061 1435 1192 1508 scilicet
1216 1436 1327 1527 gratia
1352 1444 1533 1526 poetarum

309 1565 379 1624 tam
391 1555 479 1626 levis
492 1565 544 1624 est
559 1577 663 1648 quam
678 1555 757 1648 ipsi.
777 1554 832 1623 Ad
845 1557 943 1648 cujus
958 1551 1191 1624 frustrationis
1204 1551 1378 1636 solatium,
1397 1551 1534 1622 videtur

308 1671 444 1741 Atticus
472 1671 509 1742 in
543 1693 606 1741 suo
639 1671 814 1764 Epirotica
848 1670 1028 1740 Amaltheo
1061 1669 1311 1762 epigrammate
1340 1689 1465 1760 graeca
1499 1667 1533 1734 in

308 1787 476 1857 honorem
503 1786 678 1860 Ciceronis
705 1787 891 1881 posuisse',
917 1785 1036 1856 Cicero
1057 1783 1204 1856 latinum
1229 1806 1379 1868 carmen,
1399 1783 1440 1853 de
1465 1806 1534 1877 quo

307 1903 409 1972 modo
431 1887 642 1974 mentionem
666 1903 825 1988 fecimus,
850 1925 1037 1995 aggressus
1062 1924 1152 1986 esse,
1167 1924 1209 1969 ae
1234 1898 1328 1993 quod
1349 1921 1533 1991 peausase

307 2019 378 2110 ipso
394 2019 504 2090 laudis
517 2043 599 2089 suae
607 2017 962 2114 praetermitteretur⁸.

350 2251 428 2323 XV.
455 2251 577 2324 Ultimi
598 2253 759 2324 carminis
779 2253 821 2323 ab
839 2251 967 2322 Archia
981 2251 1107 2322 conditi
1123 2273 1249 2321 nomen
1265 2261 1410 2336 constat,
1428 2275 1531 2343 argn-

305 2378 461 2437 mentum
477 2369 511 2437 in
527 2368 657 2439 incerto
673 2379 740 2453 est,
759 2369 800 2438 de
818 2391 886 2460 quo
908 2367 1026 2438 Cicero
1043 2367 1086 2436 ad
1099 2367 1253 2437 Atticum
1276 2367 1325 2438 ita
1338 2367 1528 2439 scrihebat:

306 2507 478 2554 uereorae
502 2483 654 2554 Lucullis
678 2485 842 2577 quoniam
863 2507 1022 2578 praecum
1045 2507 1169 2578 poema
1193 2483 1464 2566 candidianum
1485 2483 1534 2555 ad

307 2599 543 2670 Caecilianam
554 2601 714 2692 fabulam
727 2604 884 2694 spectet‘.
911 2601 1103 2671 Caeciliano
1124 2601 1252 2686 fabula,
1273 2624 1341 2693 quo
1363 2601 1531 2671 vocabulo

304 2715 437 2804 Cicero,
459 2716 682 2805 cavillationi,
709 2717 797 2788 sicut
821 2719 922 2802 solet,
948 2717 1130 2788 verborum
1155 2717 1354 2808 indulgens,
1380 2717 1529 2787 Caecilio

304 2832 435 2902 comico
451 2833 585 2918 alludit,
601 2833 684 2903 nihil
701 2832 795 2903 aliud
810 2856 886 2902 esse
901 2843 1026 2930 potest,
1040 2833 1129 2925 quod
1145 2833 1207 2902 viri
1223 2832 1312 2903 docti
1323 2833 1530 2925 jamdudum

304 2959 530 3040 agnoverunt,
547 2971 651 3042 qnam
665 2949 842 3020 heroicum
859 2972 996 3019 carmen
1016 2949 1051 3019 in
1073 2948 1212 3019 landem
1239 2949 1365 3021 Metelli
1384 2949 1530 3042 alicujus

305 3065 497 3157 scriptum:
524 3066 602 3158 quis
626 3076 743 3135 tamen
769 3065 799 3134 is
826 3065 929 3135 luerit
954 3064 1151 3157 ambigitur.
1176 3065 1246 3134 Alii
1271 3065 1312 3135 de
1333 3065 1374 3148 Q.
1391 3065 1529 3135 Metello

303 3179 485 3251 Numidico
506 3179 755 3274 cogitaverunt,
772 3181 831 3251 alii
847 3182 889 3252 de
909 3182 980 3250 filio
996 3183 1072 3273 ejus
1097 3181 1139 3264 Q.
1158 3181 1234 3266 Pio,
1253 3203 1363 3273 neque
1382 3179 1529 3250 absurde

303 3295 451 3388 utrique,
471 3297 750 3390 quandoquidem
772 3297 872 3368 ambo
896 3297 963 3366 viri
983 3296 1169 3366 militarem
1183 3297 1329 3390 gloriam
1352 3296 1528 3367 consecuti

302 3423 394 3497 sunt,
411 3412 512 3483 ambo
526 3411 616 3482 inter
631 3414 776 3483 Archiae
790 3424 952 3506 patronos
964 3424 1185 3484 recensentur
1195 3424 1219 3497 ⁸,
1232 3412 1316 3483 Pius
1325 3412 1528 3504 praesertim

302 3526 387 3599 adeo
402 3528 556 3619 poeticae
573 3529 686 3599 laudis
710 3530 831 3600 avidus
847 3530 911 3599 init
925 3542 965 3600 ut
979 3531 1082 3600 etiam
1107 3529 1283 3600 Cordubae
1301 3529 1392 3598 natis
1401 3527 1525 3622 poetis,

298 3643 428 3734 pinque
443 3645 607 3737 quiddam
627 3645 823 3716 sanantibus
840 3658 944 3739 atque
957 3645 1189 3740 praeprinum,
1206 3657 1321 3715 tamen
1335 3668 1435 3715 aures
1449 3667 1528 3714 suas

300 3757 464 3830 dederet⁸.
482 3761 547 3830 llic
561 3761 723 3832 tamenin
735 3761 851 3832 animo
866 3763 1061 3834 habendum
1078 3773 1141 3848 est,
1151 3761 1524 3832 noniuisseassuetum

300 3875 448 3946 Archiae
465 3876 551 3947 utin
567 3879 713 3950 mortuis
732 3878 816 3949 viris
830 3879 1013 3950 laudandis
1029 3901 1169 3972 operam
1191 3879 1374 3972 oleumque
1403 3901 1527 3948 consu·

299 4003 427 4062 meret:
440 3993 557 4063 vivum
573 3995 771 4079 Lucullum,
788 3995 887 4067 vivos
902 3996 1049 4066 Marium
1060 4006 1094 4065 et
1109 3995 1310 4066 Ciceronem
1325 4005 1384 4064 ant
1400 3993 1527 4064 cecinit

299 4113 361 4177 aut
376 4131 437 4201 spe
459 4110 620 4201 promissi
642 4111 805 4182 carminis
837 4112 970 4182 fefellit.
995 4112 1098 4182 Anno
1120 4109 1226 4202 igitur
1239 4109 1281 4182 U.
1300 4109 1337 4181 C.
1355 4111 1418 4180 693
1442 4109 1525 4201 (quo

335 4339 359 4396 l.
374 4341 426 4398 Pro
442 4341 557 4409 Archia,
572 4342 620 4410 Xl,
636 4343 680 4400 28.

332 4425 359 4481 2.
374 4422 421 4478 Aa
435 4423 506 4490 sta,
519 4421 540 4490 l,
556 4441 612 4490 rvr,
628 4427 661 4480 15
672 4423 817 4498 (scripturn
834 4439 928 4479 mense
943 4420 1129 4480 Mutuscae.
1146 4421 1202 4494 C.).

332 4503 359 4561 3.
377 4503 422 4559 Ad
435 4503 509 4572 att,
526 4502 547 4571 l,
562 4521 620 4570 xix,
637 4505 671 4560 10
684 4505 829 4578 (scriptum
844 4503 881 4560 id.
898 4505 978 4564 Mart.
990 4503 1065 4577 cel).

332 4581 359 4638 l.
373 4583 421 4638 Ad
433 4584 508 4652 att„
524 4582 546 4652 l,
562 4601 617 4652 xri,
634 4586 677 4642 15.

331 4661 358 4720 5.
378 4663 431 4718 Pro
445 4663 561 4730 Archia,
578 4664 625 4732 lll,
639 4667 672 4735 63
688 4665 736 4737 lV,
750 4667 778 4725 7.

330 4743 358 4800 u.
378 4745 431 4799 Pro
454 4743 569 4809 Archia,
594 4745 629 4814 X,
651 4749 688 4804 26
707 4755 748 4816 t:
773 4746 889 4814 Seneca,
913 4745 1006 4814 Suae„
1037 4743 1084 4812 Vl,
1112 4747 1157 4813 27,
1184 4745 1346 4822 lliessliog).
1372 4747 1433 4804 Alio
1464 4743 1524 4804 loco

297 4822 411 4880 Vaccaei
422 4830 573 4883 craterae
588 4827 717 4886 Cicerone
731 4827 880 4884 irridentur
894 4825 958 4900 (Pro
973 4827 1094 4895 Plancio,
1109 4825 1237 4892 XXXIV,
1252 4827 1307 4900 at).
