3830 5786
914 577 1069 644 ..s-

374 750 566 820 studiorum
587 749 720 830 babuit,
745 750 836 819 inter
853 769 993 840 graecas
1015 744 1170 814 civitates
1193 766 1214 813 a
1236 742 1377 836 regibus
1396 743 1432 810 in
1455 737 1593 810 Oriente

372 865 528 937 conditas
549 866 698 958 primum
719 867 845 949 locum,
862 873 940 957 post
960 859 1154 932 Seleuciam
1174 860 1217 930 ad
1240 859 1370 950 Tigrim
1392 869 1426 927 et
1441 857 1593 926 Alexan-

372 983 480 1052 driam
496 982 657 1075 Aegypti,
677 980 867 1052 incolarum
882 977 1074 1070 frequentia
1090 987 1123 1047 et
1141 975 1269 1046 divitiis
1287 974 1462 1044 obtinebat
1474 975 1497 1058 ¹,
1514 994 1594 1064 ope-

371 1121 447 1170 rum
471 1097 688 1190 publicorum
706 1096 828 1189 copia²
844 1105 878 1164 et
892 1095 979 1164 situs
1003 1093 1208 1163 amoenitate
1229 1091 1353 1161 ceteris
1373 1090 1477 1160 etiam
1500 1099 1595 1158 ante-

370 1214 525 1284 cellebat.
548 1213 620 1284 Nec
635 1215 789 1300 deerant,
807 1211 900 1282 utin
922 1210 1039 1302 magni
1060 1210 1156 1302 regni
1174 1209 1268 1295 sede,
1285 1207 1410 1277 eruditi
1435 1203 1595 1276 homines

369 1330 562 1422 artiumque
576 1331 810 1410 incitamenta,
823 1328 913 1398 inter
924 1349 1012 1418 quae
1025 1336 1236 1396 memoratur
1249 1325 1351 1394 etiarn
1365 1323 1461 1414 regia
1474 1322 1596 1393 biblio·

370 1447 479 1528 theca,
504 1447 561 1518 cni
584 1446 666 1516 olim
689 1446 883 1540 praefuerat
905 1441 1105 1535 Euphorion
1116 1444 1140 1510 ².
1166 1442 1322 1511 Exeunte
1347 1452 1461 1510 autem
1484 1440 1593 1509 altero

368 1573 446 1632 aute
462 1563 540 1633 Chr.
564 1562 693 1645 seculo,
711 1561 877 1652 vergebat
892 1559 1006 1650 magis
1020 1581 1060 1629 ac
1076 1557 1189 1650 magis
1209 1557 1467 1629 Seleucidarum
1484 1555 1593 1649 impe·

366 1679 469 1761 rium,
499 1679 581 1749 hino
610 1680 780 1762 Romano,
807 1677 901 1748 illinc
930 1676 1058 1746 Partho
1088 1675 1284 1767 ingruente,
1311 1674 1462 1766 undique
1487 1674 1594 1743 latro-

366 1794 482 1878 nibus,
515 1795 718 1880 rebellibus,
748 1793 869 1885 piratis
908 1791 1157 1884 grassantibus.
1189 1792 1269 1884 lpse
1300 1813 1421 1883 regum
1454 1791 1590 1876 domus,

366 1933 482 1980 secum
503 1911 647 1993 discors,
667 1909 827 1981 fraternis
842 1909 1008 2001 flagrabat
1025 1908 1130 1991 odiis;
1145 1929 1208 1999 pro
1224 1929 1306 1998 pace
1323 1917 1357 1976 ct
1373 1907 1458 1994 otio,
1474 1907 1591 1977 Musa-

365 2048 443 2095 rum
466 2026 651 2111 alimentis,
673 2048 847 2096 armorum
869 2025 986 2094 sonitu
1010 2025 1206 2119 strepebant
1223 2025 1336 2108 urbes,
1362 2025 1533 2095 interdum
1558 2034 1593 2094 et

365 2163 486 2212 cruore
507 2143 637 2214 civium
654 2142 851 2215 manabant.
868 2139 964 2212 Vidit
980 2141 1138 2226 Archias,
1160 2141 1242 2210 dum
1258 2164 1344 2233 puer
1363 2152 1449 2225 erat,
1472 2151 1590 2210 exorto

364 2257 454 2326 inter
467 2257 677 2328 Antiochum
700 2257 853 2349 Grypum
868 2267 902 2326 et
922 2258 1063 2328 fratrem
1087 2257 1293 2348 Cyzicenum
1312 2258 1416 2342 bello,
1439 2257 1589 2350 primum

365 2383 564 2466 occupatam
579 2395 600 2443 a
617 2373 784 2466 Cyziceno
801 2373 1033 2458 Antiochiam,
1057 2372 1149 2459 dein,
1173 2396 1274 2444 verso
1296 2374 1417 2462 Marte,
1435 2373 1590 2467 ejusdem

365 2511 510 2560 uxorem
525 2490 741 2582 Cleopatram
763 2489 810 2559 ibi
828 2489 1018 2575 obsessam,
1036 2511 1116 2559 mox
1136 2488 1180 2560 ad
1203 2489 1414 2561 deditionem
1434 2491 1591 2582 compul-

364 2628 449 2674 sam.
462 2607 560 2676 Tunc
570 2607 646 2698 plus
658 2628 762 2698 quam
773 2605 939 2676 muliebre
952 2606 1086 2677 facinus
1096 2607 1230 2698 regiam
1240 2607 1361 2676 urbem
1374 2607 1588 2700 inquinavit:

363 2719 486 2814 nempe
504 2722 624 2815 regina
643 2722 858 2814 Tryphaena,
876 2723 1077 2814 Cleopatrae
1096 2744 1206 2810 soror,
1225 2745 1328 2816 quarn
1349 2725 1484 2818 Grypus
1503 2745 1591 2794 uxo·

364 2860 438 2907 rem
460 2840 614 2922 duxerat,
631 2860 797 2923 sororem,
817 2861 904 2930 quae
926 2837 961 2908 in
986 2839 1153 2932 templum
1178 2840 1352 2933 quoddam
1374 2842 1589 2935 confugerat,

359 2953 465 3047 jussit
491 2976 513 3023 a
537 2953 704 3025 militibus
731 2953 890 3039 coniodi;
919 2955 992 3050 qui,
1019 2979 1097 3026 oum
1126 2957 1272 3027 evellere
1303 2958 1495 3052 supplicem
1521 2983 1590 3029 nou

363 3078 517 3161 possent,
537 3093 661 3140 manus
683 3071 924 3161 praeciderunt
941 3070 1066 3164 quibus
1089 3075 1245 3166 amplexa
1266 3075 1351 3145 deae
1368 3075 1591 3147 simulacrum

364 3184 534 3256 tenebat⁸.
562 3185 711 3279 Grypue,
732 3187 856 3256 iterum
874 3188 1008 3279 pulsus,
1025 3189 1184 3282 denique,
1202 3191 1372 3261 divisione
1397 3193 1494 3284 regni
1511 3215 1589 3262 cum

362 3298 465 3368 fratre
482 3300 584 3383 lacta,
608 3300 794 3370 Antiochia
813 3301 942 3392 potitus
964 3312 1032 3387 est;
1058 3304 1100 3389 is,
1120 3305 1200 3375 licet
1219 3307 1365 3376 Athonis
1388 3307 1588 3392 educatus⁸‚

363 3414 502 3484 vivendi
525 3438 653 3506 genere
677 3416 829 3485 Atticum
854 3440 976 3509 parum
994 3418 1192 3492 redolebat:
1210 3422 1431 3494 nihilcurare
1457 3435 1591 3518 praeter

401 3663 430 3720 l.
454 3661 564 3728 Strabo,
579 3663 652 3731 XVI,
667 3681 696 3734 u,
709 3667 736 3722 5.
753 3665 847 3723 Cicero
862 3683 922 3725 eam
934 3671 1072 3742 quondam
1084 3672 1213 3730 celebrem
1226 3673 1292 3732 dicit
1301 3675 1366 3747 (Pro
1375 3677 1489 3748 Archia,
1502 3679 1549 3747 Ill,
1564 3680 1591 3750 l)

365 3744 429 3816 quia
442 3749 499 3800 tum
514 3744 692 3802 continuitate
707 3745 840 3804 bellorum
855 3750 970 3808 multum
982 3751 1155 3810 defloruerat.

400 3824 431 3880 2.
454 3824 537 3880 Audit
551 3827 568 3888 ὴ
584 3825 651 3890 καλή
664 3826 738 3899 apud
755 3827 928 3885 Athenaeum
944 3831 966 3898 l,
985 3849 1012 3905 p.
1027 3833 1063 3888 20
1076 3831 1109 3888 B.
1126 3833 1167 3891 Cl.
1182 3835 1294 3908 insuper
1316 3836 1456 3906 Maletum,
1471 3839 1592 3914 Chryso-

366 3911 496 3971 atomum,
512 3905 668 4041 1liibanium,
691 3913 719 3964 et
741 3907 838 3965 incerti
858 3910 977 3968 auctoris
999 3915 1093 3970 Totius
1115 3916 1186 3972 orbis
1205 3917 1427 3990 descriptionem,
1444 3921 1480 3978 23
1495 3921 1590 3993 (Ceop.

365 3988 496 4055 minores,
541 4031 547 4057 ,
562 3989 639 4059 517).

401 4067 430 4123 3.
455 4065 567 4136 Suidas,
582 4085 607 4124 r.
627 4066 770 4138 Εὐφορίων.
788 4069 828 4126 De
849 4069 902 4127 alia
916 4069 1092 4142 bibliotheca,
1108 4075 1148 4132 vel
1169 4078 1261 4151 potius
1278 4097 1389 4137 musaeo
1404 4079 1439 4136 ub
1457 4081 1592 4138 Antiocho

367 4145 550 4219 Philopatore,
567 4163 601 4204 ex
611 4153 776 4205 testamento
791 4149 912 4207 Maronis
926 4151 1116 4224 Atheniensis,
1131 4157 1252 4224 condito,
1267 4160 1328 4216 vide
1342 4161 1478 4228 bleldam,
1488 4179 1516 4236 p.
1527 4163 1591 4229 235,

367 4226 456 4282 Bonn.
469 4225 536 4294 Quis
550 4226 631 4286 luerit
643 4229 686 4285 ille
699 4229 852 4286 Antiochus
865 4229 1025 4305 Philopator
1036 4236 1141 4304 nescio,
1150 4254 1212 4294 nam
1223 4238 1251 4294 in
1261 4241 1380 4297 nummis
1393 4251 1449 4299 tres
1465 4241 1592 4299 Antiochi

366 4306 416 4377 (lX
431 4306 591 4382 Cyzicenus,
606 4309 632 4365 X
647 4309 724 4378 Pius,
743 4310 794 4366 Xll
810 4308 962 4384 Dionysus)
974 4313 1026 4370 boc
1045 4319 1208 4389 cognomine
1218 4320 1354 4378 interdum
1373 4321 1591 4396 distinguuntur,

366 4403 480 4460 quorum
499 4388 650 4462 Cyzicenus
669 4398 759 4447 autem
780 4388 823 4445 rix
843 4391 939 4464 pausis
961 4394 1100 4453 mensibus
1115 4399 1288 4458 Antiochiam
1307 4403 1404 4475 tenuit,
1425 4401 1507 4459 ceteri
1524 4402 1591 4468 duo,

367 4467 504 4524 continuis
527 4467 606 4526 bellis
625 4469 757 4541 distracti,
780 4477 852 4527 certe
875 4471 943 4527 nihil
961 4475 1096 4546 ejusmodi
1117 4480 1306 4540 condiderunt.
1322 4481 1402 4541 Forte
1418 4483 1484 4540 latet
1500 4481 1592 4556 aliqua

367 4545 483 4604 Malalae
497 4551 587 4623 culpa,
602 4550 648 4622 qui
667 4551 835 4608 Antiochum
848 4567 896 4623 pro
911 4553 1021 4612 Seleuco
1036 4559 1187 4632 scripserit.

403 4631 429 4685 t.
450 4629 587 4702 lustinus,
601 4631 727 4700 XXXlX,
748 4633 765 4689 3
780 4631 863 4704 (auno
876 4630 910 4688 U.
927 4631 958 4689 C.
973 4637 1047 4709 643).

403 4711 430 4766 5.
451 4711 604 4784 Appianas,
620 4713 694 4783 Syn,
709 4712 755 4768 68.
