3830 5786
1020 611 1199 676 -ll-

494 778 641 854 Archias
672 788 787 848 autem
820 778 958 848 cuinam
982 778 1084 848 tribui
1114 781 1305 871 adscriptus
1328 780 1432 850 fuerit
1461 803 1633 874 nusquam
1657 791 1727 848 tra-

498 894 615 978 ditur;
640 894 747 962 immo
781 895 984 964 censoribus
1019 919 1132 988 neque
1167 915 1313 980 nornen,
1342 917 1454 987 neque
1486 895 1661 980 fortunas,
1687 906 1726 964 ut

498 1010 656 1096 debebat,
672 1009 806 1079 detulit.
825 1011 893 1080 Cur
908 1011 957 1080 ita
971 1011 1100 1096 fecerit,
1117 1034 1183 1103 ego
1199 1011 1387 1104 dijudicare
1399 1010 1494 1095 nolo,
1512 1010 1632 1080 Cicero
1646 1033 1723 1084 ver·

496 1125 619 1196 borum
650 1125 876 1217 ambiguitate
902 1127 1031 1196 frustra
1058 1149 1221 1197 excusare
1250 1139 1406 1212 conatur,
1434 1149 1512 1196 curn
1540 1127 1725 1200 contendat

496 1244 629 1312 nullam
642 1242 763 1334 populi
778 1253 910 1334 partem
926 1266 1016 1313 anno
1031 1245 1097 1314 665
1112 1245 1219 1313 fnisse
1234 1265 1375 1314 censam
1385 1245 1407 1312 ².
1425 1244 1517 1312 Haec
1536 1252 1722 1334 utcumque

498 1359 582 1442 sint,
597 1366 730 1430 certum
743 1370 796 1430 est
810 1359 972 1429 Archiam
984 1360 1040 1428 vel
1052 1361 1123 1450 jam
1142 1371 1227 1446 tum,
1244 1358 1300 1430 vel
1315 1357 1482 1452 proximis
1496 1358 1596 1428 annis
1611 1381 1647 1426 se
1661 1379 1722 1450 pro

497 1475 572 1546 cive
587 1498 730 1547 romano
746 1486 861 1568 aperte
876 1475 1048 1566 gessisse,
1065 1497 1146 1544 nam
1166 1486 1200 1544 et
1219 1484 1462 1544 testamentum
1476 1475 1558 1544 feeit
1573 1473 1723 1543 romanis

495 1592 645 1681 legibus,
660 1603 695 1662 et
709 1592 915 1662 facientibus
929 1591 1051 1675 adfuit,
1068 1602 1103 1660 et
1114 1591 1243 1661 civium
1256 1591 1363 1661 adivit
1377 1590 1598 1660 hereditates.
1613 1589 1723 1658 Immo

495 1729 558 1798 pro
581 1708 709 1776 Archia
729 1707 857 1800 incepit
876 1709 947 1795 jam
968 1710 1009 1776 A.
1035 1706 1191 1777 Licinius
1216 1706 1361 1777 Archias
1387 1706 1614 1798 nuncupari¹,
1637 1729 1721 1797 gen-

496 1822 601 1892 tilicio
629 1823 769 1893 nonrinc
795 1845 816 1892 a
841 1822 983 1892 Liciniis
1010 1821 1166 1892 Lucullis
1194 1832 1390 1915 assumpto,
1420 1821 1545 1914 quippe
1572 1843 1718 1912 quorum

492 1939 657 2008 beneficio
686 1939 954 2024 Heracliensem,
979 1961 1058 2007 mox
1080 1940 1275 2009 Romanam
1300 1937 1475 2007 civitate'm
1499 1945 1592 2005 esset
1615 1935 1718 2027 adep-

494 2064 565 2139 tus;
580 2055 647 2124 fuit
668 2056 761 2124 enim
784 2054 849 2124 boc
869 2054 1075 2145 peregrinis,
1093 2055 1181 2123 sicut
1199 2054 1382 2138 libertinis,
1400 2053 1563 2122 usitatum
1577 2052 1602 2122 ⁸.
1620 2051 1716 2121 Unde

491 2189 574 2239 vero
607 2169 693 2240 Auli
717 2189 929 2260 praenomen
956 2177 1075 2238 noster
1108 2167 1255 2258 ceperit,
1281 2168 1382 2240 valde
1410 2169 1594 2252 incertum,
1624 2168 1717 2260 quod

491 2286 562 2353 fere
578 2285 699 2354 eodem
719 2295 872 2378 tempore
894 2287 937 2353 A.
956 2307 1093 2376 quoque
1115 2285 1269 2354 Licinius
1290 2285 1491 2355 Aristoteles
1513 2282 1716 2368 Melitensis,

493 2398 671 2468 Ciceronis
700 2399 891 2482 familiaris,
924 2420 1070 2484 necnon,
1104 2408 1142 2467 ut
1173 2399 1308 2490 opinor,
1338 2401 1565 2470 Lucullorum
1597 2399 1717 2488 cliens,

491 2514 596 2605 elegit
606 2515 630 2584 ⁴.
647 2517 736 2583 Num
760 2515 941 2586 credamus
956 2514 1021 2583 hac
1036 2515 1077 2582 de
1100 2537 1205 2584 causa
1219 2514 1306 2584 illud
1320 2538 1533 2606 praenomen
1552 2515 1720 2586 ambobus

489 2629 668 2700 Graeculis
686 2630 858 2722 placuisse
878 2630 970 2722 quod
994 2630 1129 2715 eadem,
1147 2653 1216 2721 qua
1237 2653 1431 2722 cognomen
1454 2632 1650 2726 utriusque,
1666 2632 1721 2701 lit·

490 2753 563 2814 tera
591 2746 802 2837 incipiebat?
831 2768 876 2814 an
904 2744 1032 2836 potius,
1061 2755 1197 2837 praeter
1226 2747 1266 2816 L.
1298 2747 1495 2832 Lucullum,
1526 2757 1719 2817 statuamus

485 2861 593 2932 alium
607 2863 793 2955 quemdam
807 2873 925 2931 nostro
943 2861 1126 2953 egregium
1138 2861 1309 2931 fautorem
1323 2863 1509 2949 exstitisse,
1522 2864 1577 2934 cui
1594 2874 1631 2933 ut
1643 2886 1721 2954 gra·

484 2978 568 3046 tiam
582 2979 724 3046 referret
737 2976 848 3046 Aulus
864 2977 982 3047 audire
1010 2977 1170 3061 voluerit,
1188 2979 1480 3069 quemadmodum
1496 2978 1617 3048 deinde
1633 2978 1719 3048 Ilio·

486 3094 606 3185 nysius
630 3094 785 3179 libertus,
813 3095 847 3163 in
877 3094 1043 3163 bonorem
1070 3093 1116 3163 M.
1141 3094 1315 3163 Ciceronis
1339 3105 1373 3163 et
1393 3096 1431 3164 T.
1452 3093 1647 3185 Pomponii,
1666 3098 1717 3165 M.

484 3211 694 3302 Pomponius
714 3211 898 3302 Dionysius
922 3209 1033 3279 dictus
1059 3211 1158 3278 est⁵l
1183 3209 1250 3281 Sed
1273 3209 1367 3280 istud
1391 3209 1505 3279 minus
1530 3211 1719 3301 probabile,

490 3325 768 3417 quandoquidem
808 3326 899 3395 inter
934 3327 1067 3394 multos'
1105 3325 1251 3395 Archiae
1291 3339 1468 3417 patronos,
1501 3349 1522 3394 a
1557 3325 1720 3396 Cicerone

395 3497 400 3510 .
490 3452 712 3527 memoratos,
729 3441 902 3510 neminem
924 3441 1121 3510 invenimus
1142 3439 1202 3534 qui
1220 3441 1300 3512 Auli
1326 3463 1538 3533 praenomen
1559 3441 1717 3531 gesserit.

490 3561 576 3625 llam
604 3555 696 3647 quod
721 3555 861 3646 quidam
883 3557 1114 3647 conjecerunt,
1140 3555 1188 3625 Μ.
1216 3555 1412 3640 Lucullum,
1443 3555 1543 3624 Lucii
1566 3555 1725 3640 fratrem,

491 3669 632 3765 proprie
646 3669 776 3738 Aulum
786 3669 895 3738 fuisse
911 3669 1132 3761 appellatum,
1150 3671 1241 3762 quod
1255 3692 1465 3762 praenomen
1480 3673 1596 3740 Murco
1611 3678 1721 3739 muta-

495 3785 585 3856 verit
598 3795 675 3878 post
687 3786 910 3878 adoptionem
925 3785 1002 3858 aM.
1015 3785 1177 3856 Terentio
1188 3786 1342 3856 Varrone
1357 3787 1494 3873 factam,
1509 3785 1544 3855 id
1561 3785 1721 3855 subtilius

494 4010 628 4085 abrogata
641 4012 735 4084 (App,
749 4010 772 4079 l,
786 4009 832 4084 59)
847 4009 945 4066 deinde
962 4025 1058 4065 rursus
1073 4013 1202 4066 renovata
1215 4013 1259 4065 est
1271 4007 1355 4083 (tta,
1372 4009 1417 4077 80,
1430 4007 1476 4082 81)
1492 4005 1564 4066 etab
1574 4007 1634 4083 ipso
1645 4005 1723 4065 Sulla

494 4091 612 4164 denique
626 4089 787 4147 confirmata
803 4089 864 4164 (ib,
879 4090 936 4162 86).

531 4174 556 4232 1.
577 4175 630 4228 Pro
639 4172 754 4241 Arabio,
772 4169 818 4234 lV,
834 4171 877 4229 11.

529 4253 556 4306 2.
577 4249 771 4319 Quintilianus,
787 4249 822 4317 X,
839 4269 886 4318 vn,
904 4249 946 4309 19.

527 4333 554 4387 3.
576 4329 620 4387 Cf.
645 4330 713 4398 Cic,
740 4331 784 4386 Ad
806 4334 886 4399 sum,
910 4329 986 4398 xltt,
1004 4332 1110 4386 36:1tt
1129 4331 1203 4404 (scil.
1224 4330 1375 4403 Demetrio)
1390 4327 1529 4387 Dolabella
1550 4337 1650 4402 rogatu
1663 4347 1721 4387 mco

492 4414 655 4469 civilatemu
670 4411 781 4466 Caesare
795 4413 986 4481 impetrauit...
999 4413 1095 4482 ltaque
1108 4429 1181 4468 nunc
1198 4414 1226 4468 P.
1243 4413 1385 4470 Corneliae
1399 4417 1522 4466 vocatur.
1534 4409 1620 4478 Idem,
1638 4413 1720 4470 Verr.

491 4495 570 4558 Are,
581 4489 627 4560 IV,
643 4489 756 4557 xv11,37
775 4507 782 4546 :
798 4491 829 4558 Q.
845 4493 956 4546 Lutatio
971 4493 1100 4560 Diodoro,
1114 4495 1163 4564 qui
1178 4493 1209 4558 Q.
1223 4493 1315 4550 Catuli
1331 4491 1458 4561 benefieio
1474 4492 1507 4546 ub
1517 4491 1548 4546 b.
1564 4491 1719 4548 Sulluciois

492 4587 621 4628 roraonue
635 4573 724 4640 soclus
739 4576 789 4629 esl.

528 4651 554 4706 4.
570 4649 640 4716 Cic,
653 4651 791 4718 Adsum,
806 4649 879 4715 Xlll,
894 4649 940 4709 52.

525 4731 556 4787 5.
574 4729 646 4798 Cia,
662 4730 710 4786 Ad
720 4731 854 4800 Atticum,
866 4729 913 4795 lv,
926 4745 974 4802 xv,
987 4731 1015 4791 1.
