3830 5786
843 707 998 774 ..7-

310 871 449 962 llegini,
463 871 680 962 Neapolitani
699 872 843 942 leresoli
853 874 1187 964 graecamlinguam,
1200 873 1409 943 Graecorum
1419 895 1533 946 mores

309 997 344 1055 et
360 985 520 1057 instituta
533 987 697 1057 tenaciter
711 989 893 1059 servabant
909 991 931 1074 ¹,
954 1012 1149 1082 quanquam
1168 991 1360 1077 Tarentini,
1376 991 1414 1062 C.
1432 993 1535 1064 Grac·

310 1103 364 1172 chi
379 1113 505 1188 aetate,
522 1104 691 1174 coloniam
708 1127 886 1175 romanam
910 1108 1135 1196 receperent¹
1160 1129 1248 1196 quae
1264 1107 1428 1196 separatis
1446 1109 1533 1197 legi-

309 1219 509 1289 busvixisse
522 1220 669 1290 videtur.
682 1220 725 1290 Hi
737 1222 850 1314 itaque
863 1231 930 1290 tres
939 1221 1071 1314 populi,
1085 1222 1272 1312 antiquitus
1285 1223 1410 1308 mimis,
1425 1223 1532 1308 feriis,

309 1335 402 1404 ludis
417 1334 639 1405 vehementer
657 1335 762 1406 dediti
781 1336 805 1420 ³,
824 1335 962 1404 felicem
978 1334 1118 1426 ingenio
1132 1342 1366 1426 αὑτοοχεδιαστήν
1382 1337 1534 1406 muneri-

310 1452 375 1522 bus
390 1461 424 1520 et
447 1451 623 1521 beneficiis
646 1450 927 1528 cumulaverunt:
956 1451 1062 1520 etiam
1085 1451 1222 1520 civitate
1237 1451 1335 1521 illum
1354 1451 1536 1521 donavisse

310 1569 468 1637 feruntur
477 1568 501 1650 ⁸,
516 1567 1047 1659 quodetLocreusesfeoerunt⁸.
1060 1567 1223 1636 Pluribus
1235 1567 1320 1636 locis
1333 1568 1381 1637 ita
1391 1569 1534 1650 censeri,

312 1694 351 1752 ut
365 1706 508 1753 romano
521 1684 592 1775 juri
609 1682 775 1761 alienum,
791 1683 841 1752 sic
854 1684 995 1754 Graecis
1011 1683 1277 1752 usitatissimum
1288 1683 1408 1760 fuisse,
1421 1707 1536 1753 erem-

312 1799 378 1892 plis
393 1800 477 1868 satis
493 1821 664 1890 superque
684 1800 887 1892 probatur⁸;
904 1799 999 1869 aliud
1022 1809 1138 1868 tamen
1159 1808 1212 1868 est
1235 1799 1328 1892 quod
1352 1800 1537 1870 dubitatio·

311 1937 392 1986 nem
405 1925 531 1985 moret.
551 1916 622 1985 Fac
648 1915 738 1984 enim
759 1938 880 1985 revera
899 1915 1064 1984 Archiam
1083 1915 1362 1996 Tarentinorum,
1388 1915 1538 2006 Regino-

311 2050 401 2112 rum,
417 2027 739 2119 Neapolitanorum,
750 2028 978 2098 Locrensium
988 2027 1115 2098 tabulis
1127 2029 1336 2122 adscriptum
1348 2029 1454 2098 luisse
1465 2030 1538 2122 (qui

311 2165 432 2214 omnes
447 2143 537 2212 inter
547 2143 741 2213 foederatos
753 2145 898 2236 populos
908 2144 1192 2234 recensebantur)
1208 2147 1233 2230 ⁷,
1245 2145 1304 2237 qui
1320 2145 1358 2213 fit
1368 2156 1406 2214 ut
1420 2157 1538 2238 postea

312 2259 585 2329 certissimohoo
602 2281 666 2328 suo
686 2262 765 2351 jure
780 2260 829 2328 uti
847 2260 997 2330 noluerit
1019 2270 1053 2330 et
1076 2259 1121 2330 ad
1145 2260 1239 2329 solas
1263 2261 1538 2331 Heracliensium

311 2373 446 2443 tabulas
458 2373 670 2463 confugerit,
686 2394 773 2465 quas
787 2373 879 2442 bello
894 2373 1014 2442 sociali
1038 2373 1240 2443 combustas
1265 2395 1368 2444 nemo
1392 2385 1466 2442 erat
1479 2376 1538 2467 qui

312 2489 482 2559 nesciret?
504 2488 732 2580 Quapropter,
751 2490 806 2558 vel
825 2489 967 2558 omnino
983 2489 1139 2559 Ciceroni
1155 2489 1239 2557 fides
1256 2489 1459 2581 deneganda
1473 2499 1538 2573 est,

311 2607 366 2675 vel
375 2605 491 2698 potius
505 2604 791 2694 distinguendum
804 2605 893 2674 inter
902 2606 1040 2696 plenem
1052 2627 1238 2697 veramque
1260 2605 1434 2675 civitatem
1449 2607 1540 2696 ejus·

312 2745 378 2816 que
395 2743 523 2790 vanam
539 2721 739 2810 imaginem.
758 2721 842 2790 Cum
860 2720 953 2789 enim
963 2721 1118 2791 Graeculi
1129 2721 1335 2791 vilissimum
1353 2744 1538 2814 quemque,

311 2833 416 2902 etiarn
439 2831 593 2903 scenicos
617 2831 777 2913 artifices,
799 2830 942 2900 honoris
967 2853 1072 2901 causa
1102 2830 1139 2901 in
1154 2832 1327 2901 civitatem
1347 2831 1539 2901 adsciscere

311 2948 603 3032 consuevissout⁸,
617 2947 719 3017 credo
734 2947 914 3040 plerosque
928 2946 977 3017 ito
989 2945 1136 3016 donatos
1146 2967 1259 3038 neque
1270 2945 1396 3014 tabulis
1411 2945 1539 3016 civium

311 3065 501 3158 adscriptos
527 3065 648 3148 tuisse,
671 3087 783 3157 neque
813 3065 920 3134 ullius
945 3064 1099 3134 muneris
1116 3062 1243 3156 publici
1258 3063 1366 3132 fuisse
1396 3085 1539 3154 capaces

312 3181 414 3273 (quod
424 3181 627 3250 Aristoteles
640 3180 790 3250 maxime
801 3181 928 3250 civium
939 3201 1015 3250 esse
1028 3179 1204 3273 proprium
1217 3179 1427 3271 existimatl’.
1441 3179 1539 3251 Unde

312 3299 350 3376 fit
362 3308 401 3366 ut
416 3299 493 3387 lege
508 3297 644 3367 Plautia
658 3297 808 3388 Papiria,
825 3320 894 3389 quc
909 3320 990 3368 mox
1008 3297 1094 3366 socii
1110 3296 1220 3366 Italici
1237 3295 1409 3365 civitatem
1425 3317 1538 3365 noma-

313 3432 395 3480 nam
409 3411 523 3504 adepti
541 3421 633 3496 sunt,
652 3413 718 3481 soli
738 3411 905 3502 adscripti
917 3409 1011 3480 cives
1026 3410 1199 3501 expressis
1215 3411 1330 3480 verbis
1346 3409 1390 3479 ad
1405 3411 1471 3479 hoc
1480 3415 1539 3502 jus

312 3535 505 3595 vocentur:
532 3524 656 3618 quibus
682 3527 796 3595 verbis
823 3533 931 3595 totam
955 3524 1045 3594 hanc
1075 3523 1212 3592 turbem
1240 3525 1457 3593 semieivium
1482 3527 1540 3616 (sit

313 3641 416 3710 venia
428 3641 518 3732 voci)
534 3663 554 3708 a
568 3641 733 3712 beneficio
748 3642 837 3736 legis
855 3641 981 3712 diserte
997 3639 1132 3710 excludi
1149 3639 1389 3730 intelligimus.

351 3929 377 3985 1.
396 3928 506 3996 Strabo,
521 3929 569 3996 Vl,
586 3948 605 3996 r,
621 3932 649 3987 2.

347 4011 375 4066 2.
396 4008 516 4064 Velleius
529 4009 697 4076 Paterculus,
708 4011 729 4075 l,
744 4027 792 4078 xv,
808 4011 834 4066 t.
850 4010 893 4068 Cl.
907 4009 1037 4076 Plinium,
1052 4007 1447 4080 111,x1,9a;snabonem,v1,
1464 4013 1538 4078 unt.

348 4091 376 4147 3.
396 4090 564 4158 Athenaeus,
577 4089 598 4156 l,
615 4107 642 4162 p.
659 4093 675 4146 t
692 4091 732 4160 [);
748 4107 775 4163 p.
793 4092 826 4146 le
838 4091 870 4146 F.

350 4171 376 4226 l.
396 4170 450 4224 Pro
461 4167 575 4234 Arabio,
588 4169 635 4238 lll,
650 4171 682 4226 5.

350 4251 377 4306 5.
397 4251 449 4304 Pro
463 4249 578 4314 Archia,
593 4249 626 4316 V,
642 4251 686 4306 10.

349 4331 377 4385 6.
397 4329 503 4398 Cicero,
515 4331 569 4386 Pro
583 4329 676 4396 Bulbo,
689 4329 752 4396 xtt,
767 4331 812 4387 30.

350 4414 377 4470 7.
398 4409 541 4482 Polybius,
559 4409 580 4478 l,
594 4412 609 4463 7
625 4410 671 4482 (de
686 4407 812 4480 Reginis)
825 4429 832 4474 ;
849 4408 915 4473 Leo
926 4409 971 4483 (de
982 4409 1164 4466 locrensibus
1174 4407 1422 4484 etNeapolitanis);
1435 4409 1541 4480 Cicero,

315 4493 369 4548 Pro
383 4489 474 4558 Balbo,
493 4487 564 4554 Vlll,
576 4489 630 4555 21;
647 4488 746 4556 XXIV,
761 4491 812 4556 553
829 4489 922 4545 Livius
937 4489 1031 4544 multis
1047 4489 1125 4550 loeis.

350 4569 378 4628 8.
397 4567 483 4624 Aliter
493 4567 672 4640 judicandum
686 4573 729 4622 est
739 4569 772 4623 de
784 4567 992 4626 Atheniensium
1004 4570 1200 4626 consuetudine
1213 4586 1294 4643 quarn
1309 4567 1416 4626 irrisere
1434 4569 1541 4628 Aristo-

316 4649 432 4722 phanes,
449 4648 656 4714 Demosthenes,
674 4648 844 4704 Automedon
860 4649 957 4714 (Anto.
969 4649 1041 4717 Pal,
1052 4647 1101 4720 Xl,
1111 4650 1185 4724 319).

351 4721 380 4788 9.
400 4725 572 4796 Aristoteles,
589 4729 709 4796 Potitio,
726 4728 773 4796 lll,
787 4745 806 4796 r,
825 4729 851 4786 t.
