3830 5786
800 667 979 735 -27-

279 857 318 916 ut
344 868 461 938 opera,
483 843 532 913 ita
554 841 698 912 nomina
721 835 851 907 oblivio
879 835 1048 929 sepelivit.
1076 833 1172 902 Adeo
1193 853 1272 900 raro
1301 842 1437 922 tempus
1460 827 1505 900 iis

277 963 387 1056 parcit
402 984 490 1056 quae
511 961 586 1028 sine
608 967 765 1046 tempore
782 955 888 1023 liunt!
908 952 1118 1056 interierunt
1133 971 1221 1039 quae
1242 945 1397 1016 Lucilius
1416 958 1506 1014 stans

276 1077 364 1172 pede
384 1078 421 1146 ia
440 1101 506 1145 arno
527 1073 707 1155 dictavit¹;
727 1069 860 1139 Horatii
886 1067 1024 1138 curiosa
1044 1065 1189 1134 felicitas
1210 1063 1293 1131 vivit
1311 1071 1507 1132 aeteruum-

281 1218 346 1288 que
362 1195 467 1263 vivet.

323 1416 370 1487 ΙΙ.
397 1415 609 1486 Graecorum
623 1411 681 1504 qui
697 1411 733 1480 in
746 1411 811 1481 hoo
824 1431 950 1502 genere
964 1405 1199 1491 excellueriut‚
1216 1403 1392 1478 nemiuem
1405 1401 1505 1471 video

280 1527 543 1604 commemorari
563 1538 643 1598 ante
666 1527 843 1596 Maracum
867 1521 1103 1617 Syracusium‚
1130 1521 1172 1590 de
1193 1542 1262 1613 quo
1291 1519 1327 1587 in
1341 1518 1508 1588 Aristote-

278 1649 354 1718 lieis
371 1643 595 1717 Problematis
615 1644 744 1712 mentio
768 1641 880 1711 obiter
898 1637 1087 1731 injicitur¹.
1109 1635 1175 1706 Hic
1193 1634 1339 1706 traditur
1358 1633 1508 1724 optimos

279 1783 401 1835 ¹uorsus
417 1786 495 1833 cum
509 1761 644 1853 fureret
656 1757 863 1842 condidisse,
881 1753 943 1826 sed
963 1777 1075 1848 neque
1093 1762 1188 1823 aetas
1212 1749 1375 1834 hominis,
1395 1771 1507 1841 neque

280 1881 460 1973 ingenium
480 1879 563 1948 satis
584 1876 758 1960 delinitur,
779 1883 813 1942 et
835 1873 938 1943 luerit
953 1872 1097 1941 forsitan
1118 1867 1234 1962 potius
1254 1865 1386 1935 ultimis
1405 1867 1508 1948 ἀοιδοῖς

280 2019 382 2090 quam
405 1994 525 2088 primis
549 1999 810 2083 αὑτοσχεδιασταϊς,
837 1990 896 2082 qui
919 1987 1056 2080 proprie
1078 1984 1248 2067 dicuntur,
1275 2001 1507 2050 annumeran-

280 2114 356 2183 dus.
378 2111 497 2182 Altero
523 2121 640 2180 autem
663 2120 697 2178 et
716 2107 827 2201 primo
852 2115 931 2176 ante
956 2103 1131 2172 Christum
1156 2097 1286 2181 seculo,
1313 2096 1349 2165 iu
1373 2095 1507 2186 graecis

280 2230 499 2312 Phoenicius,
524 2227 657 2320 Syriae,
676 2225 814 2298 Ciliciae
831 2223 987 2304 urbibus,
1004 2220 1130 2290 mirum
1146 2222 1198 2284 est
1213 2223 1424 2306 quantopere
1441 2211 1507 2280 hoc

278 2345 494 2416 artificiolum
525 2339 746 2427 increbuerit,
780 2343 828 2412 ita
856 2351 895 2410 ut
918 2336 1009 2431 apud
1032 2337 1221 2406 Tarsenses
1245 2344 1318 2403 tota
1344 2340 1438 2401 secta
1466 2347 1507 2397 aa

278 2461 462 2554 disciplina
489 2458 776 2552 extemporalium
805 2466 984 2550 poetarum
1016 2451 1188 2520 exstitisse
1215 2450 1383 2520 videatur.
1413 2447 1507 2515 inter

278 2600 365 2672 quos
388 2577 537 2646 maxime
563 2574 724 2645 laudatur
751 2573 815 2643 Bio
844 2570 984 2664 quidam
1007 2566 1263 2660 traqoediarum
1293 2563 1503 2634 Tarsensium

277 2717 366 2787 quac
382 2691 564 2762 dicuutur²
580 2689 737 2782 scriptor,
753 2712 835 2759 mox
851 2687 1006 2757 Boethus
1017 2683 1209 2767 Tarsensis,
1224 2683 1336 2752 malus
1354 2691 1388 2750 et
1400 2686 1503 2771 poeta

276 2819 310 2878 et
329 2809 426 2893 civis,
443 2807 501 2901 qui
518 2806 564 2877 Μ.
581 2805 724 2878 Antonii
742 2803 912 2874 triumviri
933 2799 1161 2894 Philippicam
1176 2797 1356 2868 notoriam
1376 2794 1500 2867 cecinit

275 2935 321 3011 et,
340 2925 508 2996 Strabone
523 2930 622 3006 teste,
641 2921 790 3012 insignis
803 2918 991 2989 habebatur
1005 2916 1108 2986 insita
1123 2915 1337 2986 Tarsemibus
1351 2914 1500 3009 repenti-

273 3061 396 3108 norum
412 3037 601 3107 carmiaum
612 3036 783 3130 facultate
793 3049 824 3119 *ς
839 3034 904 3103 fuit
915 3031 1061 3124 denique
1073 3032 1195 3102 codem
1209 3034 1285 3104 loco
1300 3042 1335 3104 et
1347 3041 1502 3123 tempore

274 3154 449 3243 Diogenes
475 3149 615 3246 quidam
638 3151 866 3244 philosophus
886 3149 946 3243 qui
965 3172 1085 3220 versus
1108 3149 1310 3244 plerumque
1333 3147 1500 3242 tragicos,

273 3289 491 3361 quocumque
515 3276 719 3359 argumento
744 3265 931 3358 proposito,
957 3275 1122 3360 tanquam
1141 3267 1314 3360 Apollinis
1335 3266 1501 3336 instinctu

273 3384 476 3468 concitatus,
492 3383 715 3474 pronuntiare
730 3384 964 3452 assueverat⁵.
987 3384 1064 3454 Jam
1082 3383 1111 3452 si
1129 3387 1173 3454 ad
1188 3383 1413 3453 Phoeniciam
1427 3405 1501 3452 res-

271 3498 508 3591 pexeris‚inde
520 3495 950 3590 oriundusiuitAntipater
959 3499 1018 3568 ille
1028 3499 1204 3586 Sidonius,
1213 3499 1500 3592 epigrammatum

272 3615 467 3684 uberrimus
481 3614 637 3684 conditor
652 3620 688 3684 et
698 3614 864 3700 imitator,
876 3616 977 3707 cujus
991 3616 1100 3685 multa
1109 3616 1146 3685 in
1158 3615 1364 3706 Autbolopia
1377 3639 1501 3708 praeca

274 3730 580 3801 carmiuaexstant.
589 3730 687 3800 Vixit
696 3729 726 3798 is
737 3729 893 3800 medicat
902 3740 1047 3801 exeunte
1059 3731 1167 3802 altero
1176 3742 1254 3802 ante
1264 3731 1342 3802 Chr.
1352 3732 1498 3817 recalet,

309 3990 335 4046 1.
352 3989 430 4060 Hon,
446 3991 518 4057 Sat,
534 3989 555 4054 l,
572 4007 609 4058 ιν,
625 3990 705 4047 8-11.

306 4071 335 4127 2.
351 4069 449 4137 Arist,
463 4071 559 4141 Proh,
574 4069 661 4138 XXX,
679 4073 705 4128 1.

306 4152 335 4210 3.
355 4149 450 4224 Βίος.,
464 4151 567 4218 Laeti„
578 4149 626 4222 lV,
637 4151 673 4208 58
686 4167 694 4207 2
709 4145 813 4216 ποιητὴς
826 4151 966 4222 τραγῳδίας
978 4160 1027 4205 τῶν
1040 4151 1177 4220 Ταρσικῶν
1191 4153 1332 4220 λεγομένων
1344 4151 1436 4226 (fuerit
1450 4152 1501 4208 hoc

272 4229 346 4304 quod
359 4230 524 4287 recentiores
539 4229 626 4287 Italici
641 4231 791 4288 commedio
804 4231 867 4287 dett'
881 4238 940 4288 arte
954 4233 1203 4306 nuncupaverunt).

307 4311 334 4366 1.
353 4309 457 4378 Strab.,
470 4311 545 4378 xlv,
560 4329 588 4380 r,
604 4311 639 4367 11
654 4328 661 4366 :
677 4306 693 4374 ἡ
710 4307 855 4378 εὺχίριιαῆ
871 4313 1060 4371 ἐπιπολάζουσα
1074 4312 1143 4382 παρὰ
1159 4324 1211 4373 τοῖς
1226 4315 1377 4384 Ταρσιῦσιν.

305 4393 333 4450 5.
348 4389 459 4459 Strab.,
476 4391 550 4456 XIV,
567 4407 595 4459 v,
613 4393 658 4449 15.

307 4471 335 4527 6.
350 4467 486 4544 Antipatri
510 4470 678 4545 epitaphium
694 4471 805 4544 scripsit
825 4465 962 4544 Meleager
977 4472 1143 4530 Gadarensis
1159 4475 1256 4548 (Asta.
1273 4473 1415 4546 na..vt1‚
1436 4474 1499 4544 tua)

271 4567 353 4624 quem
368 4549 532 4607 scholiastes
547 4551 575 4606 in
591 4550 659 4609 Cod.
681 4551 780 4618 Patet,
796 4569 823 4624 p,
840 4551 885 4620 82,
901 4558 1021 4610 testatur
1037 4554 1109 4610 eirea
1127 4571 1230 4612 annum
1249 4555 1285 4612 95
1305 4561 1369 4611 ante
1386 4553 1436 4611 Ch.
1449 4553 1499 4612 ilo-

270 4629 360 4687 ruisse
374 4629 499 4704 (ἧκμασεν
514 4625 753 4684 tribulationem
769 4627 901 4704 ἐσχάτου).
917 4631 1062 4690 Praeterea
1081 4635 1177 4691 ambos
1189 4641 1285 4710 poetas
1299 4635 1355 4692 iere
1370 4636 1500 4709 aequales

270 4709 358 4766 tuisse
371 4709 502 4768 discimus
521 4728 556 4767 ex
575 4710 635 4786 ipsa
649 4711 781 4784 Meleagri
796 4712 964 4785 praelatione
987 4713 1015 4769 in
1038 4729 1094 4788 qua
1107 4715 1249 4788 Antipater
1268 4712 1367 4772 dieitur·
1381 4715 1499 4780 φοίνισσα

272 4791 316 4844 vta
330 4790 425 4857 adapta
438 4792 538 4865 (Antii.
553 4791 625 4864 Pal„
642 4789 689 4862 lv,
704 4803 724 4863 t,
746 4793 803 4864 112).
