3830 5786
807 706 916 772 ..453
941 743 983 754 ..

283 871 436 942 totortci
460 873 608 965 saer'unt)
632 897 647 959 ;
671 875 731 944 sed
755 897 818 968 per
841 873 998 965 arnbaqes
1020 872 1228 968 deorumque
1254 880 1444 950 ministeria
1475 896 1508 951 et

279 989 475 1080 fabulosam
488 990 732 1060 sententiamve
756 1002 961 1058 tormentum
984 992 1262 1084 praecipitandae
1277 1009 1324 1064 est
1339 997 1423 1066 liber
1436 1000 1506 1092 spi-

280 1107 378 1191 ritas,
389 1120 429 1175 at
438 1107 555 1200 potius
561 1107 707 1200 serentis
716 1106 828 1176 animi
834 1105 1030 1175 vaticinatio
1041 1122 1207 1201 appareat
1216 1134 1321 1202 qaam
1331 1114 1507 1205 relipiosae

280 1221 442 1290 orationis
455 1223 516 1289 sab
531 1221 669 1290 testibus
682 1219 802 1312 fidesf.
817 1223 934 1312 Neque
954 1221 1032 1290 ideo
1047 1222 1175 1292 infitier
1193 1225 1246 1293 vel
1262 1226 1298 1294 in
1316 1227 1369 1295 his
1388 1230 1506 1319 paucis

278 1335 435 1428 reliquiis
450 1360 536 1431 ques
552 1337 759 1406 Plutarchus
775 1337 923 1406 servavit
933 1337 1159 1407 animadverti
1172 1342 1355 1432 quemdem
1373 1344 1505 1436 ingenii

281 1450 493 1534 exilitatem,
524 1463 626 1544 etque
665 1451 804 1521 casdem
833 1451 1027 1538 machinas,
1063 1454 1222 1547 rubigine
1251 1458 1505 1546 quodammodo

282 1567 468 1654 obductas,
487 1567 674 1636 identidem
700 1567 878 1637 adhiberi:
907 1567 1037 1637 scilieet
1062 1569 1129 1638 sihi
1151 1573 1328 1642 constabat
1345 1577 1501 1660 Archias,

279 1705 413 1752 necnon
431 1684 466 1752 in
492 1683 612 1774 epicis,
642 1683 730 1753 sicut
753 1683 788 1753 in
812 1683 1081 1775 epigrammatis,
1100 1685 1306 1758 imitatorem
1330 1714 1366 1759 se
1390 1694 1504 1782 potius

279 1822 383 1892 quern
397 1800 612 1871 inventorem
623 1798 783 1869 ostendit.

321 2030 416 2101 XXI.
437 2031 604 2102 Ultimum
616 2041 772 2124 superest
785 2043 825 2102 ut
837 2033 1162 2119 animadvertem,in
1176 2036 1348 2107 Plutarchi
1361 2038 1503 2108 Luculla

279 2146 448 2240 quaedam
463 2147 610 2217 inveniri
627 2170 728 2239 quea,
745 2148 824 2219 licet
839 2172 910 2219 non
924 2151 1059 2243 proprie
1075 2151 1271 2243 prodigiosa
1288 2153 1369 2238 sint,
1387 2164 1502 2224 tamen

279 2259 411 2353 epicam
435 2259 585 2350 speciem
613 2283 694 2353 pree
713 2283 750 2330 se
778 2262 901 2344 ferent,
918 2262 966 2331 ita
981 2271 1019 2331 ut
1042 2263 1096 2332 val
1121 2264 1176 2334 his
1200 2265 1346 2335 Archiae
1361 2288 1501 2335 manum

277 2376 422 2445 subesse
443 2398 513 2445 non
539 2386 666 2446 temere
694 2378 892 2469 conjeceris.
913 2378 1005 2447 Talis
1029 2389 1081 2448 est
1106 2381 1264 2472 inprimis
1288 2380 1347 2450 ille
1365 2380 1502 2450 Luculli

278 2492 524 2577 adumbratio,
544 2516 586 2560 ex
607 2490 728 2577 Iliade,
749 2505 787 2562 ut
808 2494 953 2579 videtur,
975 2512 1168 2586 aspersam,
1190 2497 1264 2565 solo
1289 2497 1451 2588 adspectu
1469 2505 1502 2564 et

277 2608 470 2701 praesentia
499 2609 634 2678 territos
667 2610 843 2678 Romanos
869 2610 1071 2696 reficientis,
1103 2611 1287 2680 instantem
1317 2612 1451 2679 hostem
1482 2633 1501 2678 a

279 2723 398 2794 cestris
430 2725 587 2795 arcentis.
617 2725 682 2794 Cui
711 2726 888 2815 proximus
915 2727 1044 2794 accedit
1072 2726 1168 2796 locus
1201 2725 1257 2795 uhi
1280 2724 1498 2797 Mithridatici

277 2841 449 2910 exercitus
474 2852 582 2911 terror
604 2864 643 2910 ec
666 2841 749 2934 fuge
764 2843 854 2932 apud
872 2841 1008 2924 Cahire,
1023 2843 1247 2912 viridissimis
1271 2843 1445 2913 coloribus
1467 2852 1500 2910 ct

275 2954 478 3024 historicam
496 2955 600 3024 fidem
613 2954 788 3024 interdum
806 2955 969 3046 egressis,
992 2956 1210 3025 describitur⁴
1228 2978 1236 3026 ε
1257 2956 1308 3054 ihi
1326 2955 1417 3024 enim
1434 2965 1499 3024 tre-

275 3071 368 3142 ditur
378 3070 560 3163 Dorylaus,
570 3071 637 3140 dux
649 3070 869 3152 Mithridatis,
882 3080 1020 3164 propter
1030 3093 1236 3164 purpuream
1248 3080 1378 3138 vestem
1393 3092 1497 3162 quam

274 3185 1497 3281 gerahetemilitibusiuisseoccisus,quemtemenStrabo,certissimus

274 3315 393 3374 auctor
408 3315 441 3373 et
456 3305 559 3394 stirpe
575 3294 757 3396 cognatus,
774 3306 951 3375 confirmet
969 3306 1011 3376 eh
1026 3306 1101 3397 ipso
1117 3328 1197 3397 rege
1214 3313 1353 3397 propter
1367 3303 1497 3373 nelarie

273 3418 420 3491 consilia
434 3418 600 3514 supplicio
615 3421 775 3490 affectum
790 3422 896 3491 luisse
908 3432 931 3490 ⁵.
948 3421 1083 3491 Tertius
1099 3421 1244 3513 denique
1260 3422 1357 3490 loeus
1373 3429 1424 3488 est
1439 3419 1495 3489 uhi

273 3546 383 3606 artem
403 3547 524 3629 poetae
546 3543 606 3605 eut
629 3559 792 3628 agnosco,
816 3547 876 3605 eut
897 3558 1084 3629 agnoscere
1109 3534 1191 3604 mihi
1212 3535 1343 3619 videor,
1368 3534 1497 3603 scilicet

273 3652 424 3723 narratio
436 3653 551 3722 caedis
566 3653 740 3746 regiarum
750 3653 912 3746 pellicum
924 3652 1013 3744 apud
1024 3652 1249 3722 Pharnaciem
1261 3653 1399 3721 iecteel.
1411 3650 1495 3734 Quis

274 3768 364 3836 anim
385 3780 520 3861 praeter
541 3769 747 3838 Bacchidem
768 3771 965 3839 eunuchum
986 3770 1106 3862 (quem
1127 3767 1392 3838 commentarios
1414 3769 1495 3836 reli-

273 3885 389 3976 quisse
409 3906 511 3954 nemo
533 3884 699 3976 tradidit),
722 3887 799 3978 quis
821 3887 991 3954 audiverit
1014 3884 1202 3955 novissime
1224 3884 1326 3953 verha
1347 3883 1495 3953 infelicis

272 3999 445 4072 Monimac
463 4021 471 4069 τ
490 4001 533 4070 Ὦ
550 4008 748 4092 κατηράμενον
763 4009 863 4094 ῥάκος,
883 4009 947 4072 otte
963 4009 1033 4092 πρὸς
1050 4019 1132 4072 τοῦτο
1150 4009 1197 4088 μοὶ
1215 4013 1354 4091 χρήσιμον
1371 4011 1441 4094 ἔσῃς
1459 4001 1495 4069 in

272 4115 399 4210 quihus
427 4117 532 4185 etiem
555 4140 721 4186 numerus
746 4116 927 4204 orationis,
950 4117 1125 4210 eliquanto
1148 4139 1251 4209 prose
1273 4117 1493 4202 modulatior,

307 4351 334 4406 l.
347 4348 472 4419 Patron,
486 4351 585 4419 Satin,
598 4352 659 4407 118.

304 4431 332 4488 2.
349 4429 435 4498 Plut,
449 4433 528 4500 Lac„
544 4432 588 4490 15.

304 4509 332 4570 3.
347 4511 393 4579 ll.,
408 4509 495 4579 xvtt,
510 4513 615 4586 215sq.

304 4590 332 4646 l.
350 4589 436 4660 plue,
448 4591 527 4660 Luc,
544 4593 587 4652 17.

304 4669 644 4742 5.streb.,xtt,111,3a.
661 4674 699 4732 Ne
717 4675 891 4734 Mithridates
908 4673 1029 4748 quidem,
1045 4674 1069 4730 si
1087 4675 1228 4731 Memnoni
1253 4673 1418 4731 eredendum
1439 4683 1491 4746 est,

270 4749 333 4806 huic
346 4748 418 4808 cladi
433 4752 563 4810 interluit.

306 4831 334 4888 6.
349 4830 435 4900 Ρ]υι.,
451 4833 527 4902 Luc„
543 4833 590 4892 ta.
