3830 5786
760 671 942 736 ..ιι-

236 843 459 914 verisimilius
474 851 526 912 est
542 839 635 934 quod
651 839 902 922 Heraclienses,
922 859 1013 905 anno
1024 840 1097 928 jam
1112 835 1154 906 U.
1174 837 1212 906 C.
1237 837 1315 918 l'ld,
1337 835 1373 907 C.
1396 837 1462 906 Fa-

236 961 344 1030 brieio
368 959 524 1045 consule,
550 966 755 1050 perpetuom
781 976 859 1024 cum
886 954 1013 1048 populo
1042 953 1199 1022 Romano
1228 951 1350 1021 foedus
1374 952 1462 1021 inie-

237 1087 325 1160 rant,
343 1079 442 1169 cajus
458 1075 650 1165 singulares
668 1081 771 1164 atque
790 1071 1018 1164 aequissimas
1039 1067 1253 1137 conditiones
1268 1091 1338 1138 uon
1357 1066 1464 1136 semel

237 1203 397 1263 auctores
428 1191 634 1260 laudavere¹
663 1209 673 1257 z
702 1189 764 1258 illo
792 1187 928 1256 foedere
955 1184 1235 1255 Heracliensibus
1259 1187 1318 1275 jus
1350 1183 1463 1254 exsilii

234 1309 342 1378 fuisse
371 1328 588 1390 concessum,
622 1304 716 1398 quod
749 1314 783 1372 et
810 1301 1024 1395 Neapolitani
1057 1300 1291 1384 obtinebant¹,
1320 1299 1462 1368 minime

237 1423 366 1493 dubito.
385 1421 475 1492 Huic
496 1421 604 1512 igitur
626 1420 755 1512 optimo
777 1423 857 1514 jure
880 1417 1012 1488 civitati
1037 1417 1213 1501 Archiam,
1238 1415 1461 1484 Lucullorum

235 1540 452 1624 auctoritate,
487 1537 699 1632 adscriptum
731 1535 869 1620 ferunt3
903 1533 977 1627 ipse
1008 1534 1171 1622 deinceps
1201 1531 1246 1599 ld.
1279 1526 1461 1608 Lucullus,

234 1655 349 1724 minor
361 1655 520 1738 fratrum,
537 1675 611 1722 rem
630 1675 666 1722 se
682 1651 796 1746 egisse
816 1651 1049 1743 profitebatur.
1069 1647 1170 1734 Quod
1186 1644 1260 1714 fieri
1275 1643 1403 1736 potuit3
1420 1664 1461 1711 an

235 1791 357 1840 revera
369 1768 414 1838 sit
428 1769 572 1853 factum,
589 1767 667 1838 aliis
683 1765 937 1837 decernendum
951 1764 1122 1856 relinquo.

280 2045 357 2116 XH.
383 2047 570 2116 Heracleae
586 2046 762 2139 paulisper
777 2053 1021 2130 commoratus,
1037 2041 1182 2112 Archias
1202 2062 1272 2110 non
1289 2038 1337 2106 ita
1352 2037 1461 2108 multo

234 2173 314 2254 post
335 2160 492 2254 (scilicet,
519 2173 557 2231 ut
578 2162 714 2254 opinor,
736 2161 881 2231 Lucullo
905 2159 1078 2250 defuncto)
1105 2158 1250 2226 Romam
1267 2154 1459 2224 revertitur.

236 2278 287 2348 lbi
311 2301 373 2371 per
397 2277 516 2347 decem
540 2277 723 2350 continuos
742 2299 851 2348 annos
870 2277 1093 2347 Lucullorum
1108 2276 1277 2366 juvenum
1297 2269 1459 2360 bospitio,

224 2403 426 2477 ceterorum
457 2392 677 2486 optimatium
706 2392 952 2475 familiaritate,
984 2389 1101 2476 donis,
1128 2387 1305 2458 beneficiis
1338 2384 1458 2466 utitur,

232 2510 322 2579 inter
334 2532 421 2602 quos
433 2509 637 2579 nominatim
652 2509 765 2579 afferri
781 2509 960 2578 videmus⁸
975 2509 1016 2594 Q.
1035 2506 1210 2576 Metellum
1223 2500 1457 2576 Numidicum.

231 2624 459 2695 Lucullorum
481 2626 702 2708 avunculum,
728 2647 818 2694 anno
843 2627 908 2695 655
932 2625 975 2693 ab
997 2620 1117 2694 exsilio
1141 2628 1352 2700 revocatum,
1378 2637 1459 2683 mox

230 2741 305 2832 ejus
325 2739 434 2808 filiurn
449 2739 490 2823 Q.
507 2737 621 2824 Pium,
641 2738 683 2823 Q.
703 2739 880 2809 Lutatium
903 2736 1062 2808 Catulum
1079 2736 1308 2817 consularem,
1326 2731 1454 2800 filium-

231 2878 297 2950 que
315 2854 469 2948 ejusdem
484 2854 648 2939 nominis,
669 2855 714 2926 M.
736 2854 922 2924 Aemilium
943 2854 1125 2938 Scaurum,
1143 2851 1332 2945 principem
1355 2869 1454 2918 sena-

229 2981 299 3056 tus,
329 2969 370 3040 L.
400 2969 575 3040 Licinium
612 2972 786 3063 Crassum,
817 2993 936 3062 regem
964 2953 1188 3061 judiciorum,
1223 2965 1371 3058 denique
1406 2963 1454 3034 ld.

228 3087 364 3157 Livium
399 3086 566 3170 Drusum,
603 3087 868 3156 celeberrimum
905 3086 952 3180 pl.
991 3085 1180 3170 tribunum,
1216 3084 1261 3154 Μ.
1294 3083 1456 3154 Porcium

228 3202 407 3288 Catonem,
430 3201 502 3272 filio
527 3202 681 3274 Uticensi
706 3201 849 3286 clarum,
873 3203 935 3275 Cn.
961 3211 995 3271 et
1017 3202 1064 3271 Μ.
1088 3201 1262 3286 Octavios,
1288 3200 1328 3270 L.
1355 3199 1452 3284 etQ.

227 3317 442 3390 Hortensiae.
470 3318 515 3386 Hi
540 3327 652 3388 aetate
678 3319 827 3388 multum
852 3318 943 3388 inter
971 3341 1008 3388 se
1039 3318 1247 3398 differentes,
1273 3316 1452 3409 dignitate,

226 3432 438 3526 eloquentia,
458 3433 582 3502 studiis
601 3433 802 3504 liberalibus
819 3432 990 3525 conjuncti
1007 3443 1115 3504 erant.
1136 3432 1331 3502 Nonnullos
1350 3434 1454 3504 etiam
1581 3503 1583 3510 ,

223 3547 361 3642 poetica
383 3548 529 3618 facultas
547 3547 729 3640 copulabat
749 3548 894 3616 Archiae
915 3568 924 3616 ε
946 3569 1027 3616 nam
1047 3558 1081 3616 et
1097 3545 1208 3618 Catuli
1226 3559 1363 3619 exstant
1384 3552 1453 3619 duo

225 3663 393 3734 amatoria
415 3663 702 3756 epigrammata⁸,
724 3673 757 3734 et
775 3663 996 3746 Hortensius,
1015 3665 1173 3734 aemulus
1198 3663 1384 3752 Ciceronis,
1411 3667 1453 3736 iis

224 3779 359 3849 lusibus
380 3779 566 3850 indulsisse
583 3781 763 3850 traditur⁸.
783 3779 854 3848 Nec
871 3780 965 3849 solos
978 3779 1163 3872 optimates
1180 3792 1298 3851 noster
1314 3781 1453 3852 assidue

223 3895 351 3980 celuit;
379 3895 437 3989 qui
463 3898 515 3986 (ut
540 3897 581 3966 de
609 3895 774 3967 Cicerone
798 3917 908 3988 paene
932 3918 1041 3988 puero
1071 3907 1106 3966 et
1129 3897 1256 3968 Roscio
1287 3899 1451 3990 tragoedo

224 4012 358 4102 sileam)
369 4011 472 4080 etiam
486 4012 522 4082 C.
534 4010 878 4105 ldarium,plebeium
889 4011 1004 4082 virum
1017 4022 1050 4082 et
1060 4012 1244 4082 militarem
1260 4023 1294 4082 et
1309 4013 1452 4084 obfusis

221 4129 325 4218 longa
350 4149 530 4212 aversum,
558 4127 726 4220 promisso
752 4127 905 4198 carmine
934 4128 970 4196 in
994 4151 1049 4200 res
1073 4130 1147 4221 ejus
1172 4130 1361 4201 Cimbricas
1385 4129 1451 4198 sibi

258 4390 283 4445 l.
302 4388 373 4455 Cic,
391 4393 443 4446 Pro
460 4391 553 4457 Balbo,
575 4389 663 4461 XXll,
679 4391 733 4456 5⁰3
750 4393 803 4448 Pro
815 4391 930 4456 Archia,
945 4391 993 4462 IV,
1008 4395 1036 4452 6.

254 4472 282 4526 2.
305 4469 449 4544 Polybius,
465 4469 512 4538 Vl,
523 4471 586 4540 mr,
599 4472 670 4540 7-83
685 4469 791 4540 Livius,
806 4471 907 4544 XXIX,
922 4475 967 4530 21.

255 4551 282 4608 3.
305 4552 358 4606 Pro
374 4551 489 4616 Archia,
508 4549 555 4622 tv,
571 4551 597 4608 6.

221 4632 284 4766 vt.
305 4628 419 4766 ὓοῧΙΙὶυε,
436 4631 511 4698 XIX,
532 4649 570 4698 rx,
591 4633 645 4698 ll;
666 4630 736 4702 Cia,
753 4635 790 4688 De
811 4639 871 4690 not.
897 4634 983 4703 deon,
1001 4635 1023 4702 l,
1045 4637 1449 4714 nvn1,7e.ct.t³tin.,sp.,

248 4727 399 4860 'Sint'larm
414 4794 452 4848 De
466 4793 536 4862 lino.
553 4792 613 4860 lot,
626 4791 699 4862 Vlll,
717 4793 750 4848 ll
766 4808 773 4848 :
790 4795 953 4850 Hortensius
967 4797 999 4852 ln
1011 4799 1160 4869 poematis.
