3830 5786
847 659 1021 726 ..43-

320 833 493 902 rusticano
514 831 588 901 viro
609 834 707 923 cujus
731 839 813 900 tuno
835 831 974 900 arbitrio
996 831 1113 900 omnia
1134 830 1440 922 gubernabantur¹.
1459 831 1546 900 Nec-

320 969 388 1016 non
403 946 548 1015 Archias
563 968 604 1014 ea
616 955 728 1014 mente
745 944 931 1014 Cimbricas
947 968 1001 1014 res
1018 945 1173 1037 attigisse
1190 943 1323 1014 videtur
1338 967 1406 1036 quo
1418 946 1545 1014 certius

320 1069 496 1154 potentem
518 1063 631 1132 virum
654 1062 719 1132 sibi
742 1061 959 1145 conciliarat;
987 1083 1066 1130 mox
1091 1071 1220 1142 tamen,
1241 1071 1423 1152 postquam
1444 1063 1542 1131 Marii

319 1179 455 1248 fortuna
470 1179 606 1248 turbare
622 1179 746 1271 coepit,
762 1189 874 1271 poeta,
894 1187 932 1246 ut
946 1177 1192 1270 periculorum,
1209 1178 1257 1246 ita
1276 1177 1380 1246 etiam
1394 1177 1544 1268 promis-

318 1317 436 1365 sorum
451 1307 504 1365 est
518 1295 657 1366 oblitus.
670 1297 796 1364 Postea
811 1295 856 1364 M.
871 1294 1002 1381 Cicero,
1015 1295 1058 1362 ab
1073 1295 1194 1364 eodem
1210 1295 1337 1364 Archia
1352 1294 1394 1365 ad
1410 1295 1542 1386 poetica

317 1411 433 1482 studia
446 1411 650 1481 informatus
666 1423 700 1480 et
714 1411 772 1504 qui
785 1411 944 1495 Marium,
956 1422 995 1480 ut
1008 1410 1251 1502 municipalem
1267 1433 1381 1493 suum,
1394 1407 1543 1479 nimiu'm

319 1529 513 1610 adamabat,
526 1529 570 1598 ad
581 1527 672 1597 idem
688 1535 931 1620 argumentum
944 1549 980 1597 se
990 1527 1176 1620 applicavit
1186 1527 1392 1618 longiusque
1408 1547 1545 1595 carmen

319 1644 472 1716 condidit
482 1644 716 1736 quodMarius
731 1642 1041 1714 inscribebatur.ln
1055 1643 1109 1712 his
1123 1643 1233 1730 libris,
1249 1653 1287 1712 ut
1299 1643 1370 1736 ipse
1386 1644 1545 1725 latetur',

318 1761 431 1851 magis
453 1760 497 1829 ad
512 1759 776 1830 delectationem
800 1782 904 1851 quam
919 1760 963 1829 ad
976 1760 1156 1830 veritatem
1172 1757 1454 1839 accommodatis,
1472 1780 1545 1828 am-

317 1875 409 1966 plius
424 1874 635 1945 curriculum
646 1897 749 1966 quam
765 1874 909 1944 Archias
923 1885 1135 1967 percurrerat
1145 1905 1152 1960 ;
1162 1897 1287 1966 nempe
1299 1883 1332 1942 et
1343 1873 1384 1942 de
1399 1873 1548 1964 pueritia

317 1991 415 2061 Marii
433 2000 468 2060 et
482 1991 523 2060 de
538 1991 758 2083 Arpinatium
783 2013 911 2083 quercu
935 1991 1098 2060 familiari
1126 1990 1339 2060 mentionem
1366 1990 1543 2080 injecerat,

317 2106 482 2196 otingam
495 2109 569 2198 ejus
582 2107 617 2175 in
631 2107 780 2176 Africam
792 2116 869 2199 post
878 2107 1026 2199 primum
1037 2105 1165 2176 bellum
1174 2103 1274 2174 civile
1285 2105 1543 2196 descripserat⁸.

317 2223 434 2312 Ipsum
463 2243 604 2314 poema,
630 2243 827 2314 quanquam
856 2221 898 2291 ab
930 2222 1135 2314 imperatore
1173 2221 1345 2292 Gordiano
1377 2219 1544 2311 quodam-

318 2339 419 2408 modo
436 2349 642 2409 renovatum
657 2341 681 2423 ⁵,
701 2337 845 2424 interiit,
863 2360 1009 2431 spesque
1024 2337 1147 2408 fefellit
1167 2338 1207 2420 Q.
1225 2336 1410 2407 Scaevolae
1425 2335 1484 2428 qui
1503 2335 1543 2404 de

317 2477 357 2522 eo
376 2455 616 2546 praedixerat:
1467 2474 1469 2480 ·

598 2625 623 2688 C
624 2636 742 2688 arescet
756 2624 844 2687 seclis
859 2623 1134 2687 innumerabilibus
1145 2625 1166 2686 ⁸.

315 2803 430 2874 Unum
446 2815 605 2896 superest
618 2804 876 2896 longiusculum
891 2806 1126 2894 fragmentum
1138 2806 1164 2889 ⁸,
1181 2803 1240 2874 ubi
1257 2803 1293 2872 io
1310 2805 1451 2875 Homeri
1467 2828 1543 2875 mo·

315 2918 397 2988 dum
413 2919 616 2989 describitur
630 2921 816 3010 angurium
836 2918 971 3012 aquilae
992 2931 1187 3012 serpentem
1209 2921 1457 3004 interficientis,
1475 2944 1543 3014 quo

273 3015 277 3022 ’
316 3033 381 3103 sihi
419 3034 600 3105 victoriam
628 3036 787 3127 portendi
820 3037 950 3107 Marius
982 3037 1157 3127 intelligit.
1195 3036 1289 3106 Haec
1322 3059 1364 3105 ex
1395 3036 1543 3106 Archiae

314 3161 473 3240 poemate
498 3151 639 3220 tinxisse
662 3175 733 3220 non
757 3161 887 3222 temere
916 3152 1040 3246 aliquis
1062 3153 1242 3243 conjiciat;
1267 3173 1347 3222 nam
1369 3153 1427 3244 qui
1447 3153 1544 3222 Arati

314 3268 476 3352 Φαινόμενκ
493 3267 597 3337 latine
611 3269 724 3355 vertit,
745 3267 857 3360 potnit
872 3268 978 3338 etiam
993 3267 1143 3337 Archiae
1156 3272 1302 3360 Krptprad
1315 3268 1457 3337 imitari.
1476 3269 1543 3338 Sed

314 3381 474 3473 qualibus
498 3385 711 3453 ornamentis
736 3394 915 3477 poetarum
937 3383 1092 3453 inventio
1116 3394 1289 3454 recentem
1316 3385 1409 3453 illam
1433 3394 1542 3454 mate·

314 3498 400 3566 riam
426 3498 650 3591 eamdemque
674 3499 873 3570 historicam
896 3499 1028 3570 variare
1056 3521 1141 3569 ausa
1166 3500 1221 3583 sit,
1248 3499 1475 3590 intelligimus
1500 3523 1543 3570 ex

314 3614 507 3706 fragmento
532 3614 689 3684 Dosithei
716 3616 906 3707 cujusdam,
923 3615 1076 3685 historici
1103 3615 1168 3684 sihi
1192 3615 1269 3700 visi,
1303 3615 1362 3706 qui
1392 3616 1543 3685 narravit

313 3729 474 3812 Marium,
499 3752 579 3800 cum
597 3730 762 3800 adversus
786 3732 943 3801 Cimbros
969 3731 1098 3800 bellum
1113 3741 1260 3820 gereret,
1283 3739 1405 3802 somno
1423 3731 1542 3801 admo-

313 3844 435 3930 nitum,
454 3845 562 3915 liliam
579 3869 690 3932 suam,
710 3847 929 3940 Calpurniam
943 3847 1096 3932 nomine,
1114 3845 1181 3916 diis
1199 3847 1434 3918 mactarisse'.

349 4067 375 4123 1.
392 4071 446 4124 Pro
461 4069 577 4140 Arenio,
595 4069 643 4139 lli,
662 4070 709 4128 20.

345 4147 374 4204 2.
390 4149 429 4202 De
444 4149 560 4218 lapibus,
577 4149 597 4220 l,
615 4153 640 4206 t.
662 4149 776 4206 Carmen
803 4149 960 4206 absolutum
981 4151 1111 4208 scitante
1129 4167 1231 4206 annum
1245 4152 1299 4209 709
1313 4151 1347 4210 U.
1364 4151 1394 4208 C.
1415 4151 1483 4209 Vide
1496 4155 1543 4210 Ad

310 4229 384 4295 Att.‚
399 4227 462 4294 llll,
478 4230 522 4288 49.
548 4293 550 4300 ¹

346 4307 373 4366 3.
390 4307 436 4366 Fr.
458 4309 531 4382 apud
553 4307 698 4378 Isidorum,
726 4309 800 4376 XIX,
824 4325 842 4378 ι,
866 4309 903 4366 20
924 4327 931 4366 :
955 4313 1030 4368 lunc
1052 4314 1240 4382 seductique
1266 4311 1355 4368 tradit
1373 4313 1541 4386 muuquuc

306 4389 423 4458 paroni.
438 4386 480 4443 ct.
497 4386 584 4466 Plut„
595 4391 679 4456 ilar„
697 4389 741 4444 tu.

347 4466 374 4525 l.
396 4461 462 4523 Vita
477 4467 621 4540 Gordiani,
642 4467 695 4536 lll,‘
710 4470 737 4526 2.

344 4547 372 4602 5.
387 4549 427 4602 lle
449 4547 512 4618 leq„
534 4546 586 4608 loo.
605 4547 650 4605 cit.
671 4547 736 4606 Fuit
760 4549 805 4606 hic
819 4549 951 4607 Scaevola
975 4550 1117 4609 familiaris
1142 4551 1175 4621 Q.
1199 4551 1338 4609 Ciceronis
1356 4557 1438 4626 atque
1460 4554 1542 4612 etiam

311 4641 412 4696 graeca
427 4626 626 4700 epigrammata
640 4627 773 4695 condidit,
796 4646 910 4701 quorum
927 4648 1012 4686 unum
1027 4633 1148 4690 serravit
1168 4633 1253 4692 Antis.
1271 4633 1345 4700 Pol„
1365 4633 1413 4704 IX,
1426 4634 1489 4692 217.

343 4706 371 4760 d.
387 4704 457 4774 Cin,
472 4709 510 4762 De
523 4707 622 4776 divin„
636 4709 659 4776 1,
673 4725 765 4780 xcvm,
783 4710 843 4770 too.

344 4786 371 4845 7.
388 4783 436 4842 Pe.
452 4785 540 4863 Pina,
554 4788 658 4848 Porott.
678 4791 758 4862 min„
779 4791 814 4846 20
833 4789 906 4862 (vide
920 4789 1002 4852 etiam
1021 4791 1111 4852 Clam.
1130 4790 1221 4866 Alex„
1239 4795 1393 4866 Protrept,
1407 4795 1436 4864 3,
1449 4812 1476 4870 p.
1494 4795 1537 4865 12,
