3830 5786
960 636 1140 704 ..34-

437 811 589 901 fratrum
604 819 817 892 venatorum,
835 814 998 896 quattuor
1012 803 1283 896 epigrammatis,
1300 804 1413 873 verbis
1430 810 1576 884 tantum,
1593 825 1664 872 non

441 924 543 993 rebus
560 924 649 992 inter
672 947 708 992 se
739 919 975 990 differentibus
998 919 1150 989 variatur
1165 921 1188 990 ¹.
1219 919 1305 1002 Quis
1330 919 1377 988 ibi
1401 942 1473 989 non
1499 930 1665 1010 agnoscat

440 1039 710 1109 Antiochensem
724 1047 881 1106 nostrum
900 1041 1134 1126 αὐτοσχεδιαστήν
1159 1035 1199 1104 de
1222 1059 1290 1127 quo
1309 1035 1505 1104 audivimus
1529 1036 1665 1105 Cicero-

440 1178 520 1224 nem
539 1154 793 1246 praedicantem
808 1174 912 1244 quam
931 1174 1032 1243 saepe
1056 1151 1211 1220 eamdem
1228 1175 1301 1221 rem
1329 1151 1545 1220 commutatis
1560 1151 1666 1220 verbis

441 1285 546 1362 etque
560 1271 732 1340 sententiis
747 1268 894 1338 dixerit?
907 1267 1080 1352 Ceterum,
1099 1290 1142 1336 ne
1158 1267 1277 1336 credas
1291 1268 1380 1336 hanc
1396 1267 1534 1336 inanem
1551 1267 1667 1335 facun-

442 1386 534 1456 diam
547 1386 718 1478 propriam
733 1383 881 1454 Archiae
896 1383 1017 1468 fuisse,
1030 1382 1230 1452 memorabo
1246 1382 1336 1452 idem
1347 1386 1421 1473 Jam
1437 1382 1558 1451 fecisse
1569 1381 1666 1451 Anti-

443 1512 578 1593 patrum
604 1501 799 1580 Sidonium,
820 1501 921 1590 eujus
945 1499 982 1568 in
1005 1498 1211 1568 celebratam
1238 1498 1392 1590 Myronis
1417 1498 1580 1568 buculam
1606 1509 1667 1566 sex

444 1617 695 1710 epigrammata
709 1624 846 1684 exstare
866 1614 1005 1684 litterati
1030 1614 1170 1707 quidem
1189 1614 1346 1683 homines
1370 1616 1553 1697 laetantur,
1581 1613 1668 1682 nihil

443 1755 526 1802 vero
540 1732 584 1802 ad
600 1732 713 1824 operis
735 1730 969 1821 cognitionem
988 1731 1142 1800 conferre
1161 1729 1511 1822 dolentantiquitatis
1526 1729 1668 1799 investi-

444 1857 583 1938 gatores
598 1862 623 1916 ¹.
1346 1857 1348 1860 ’

491 2097 564 2167 Vll.
587 2096 728 2164 flaccet
751 2094 878 2162 similia
901 2093 1075 2185 reputanti
1097 2097 1169 2184 Jam
1188 2094 1246 2164 vix
1264 2094 1406 2164 dubium
1431 2096 1497 2164 erit
1518 2096 1615 2188 quin,
1640 2095 1669 2164 si

448 2212 563 2282 minus
577 2211 694 2281 omnia
708 2209 878 2280 Archiaca
895 2209 1157 2302 epigrammata,
1178 2219 1213 2277 at
1236 2220 1326 2280 certe
1345 2211 1437 2281 bona
1453 2235 1533 2302 pars
1548 2235 1670 2282 eorum

449 2328 499 2396 illi
517 2326 742 2396 celeberrimo
763 2324 908 2394 Archiae
923 2325 1149 2396 Antiochensi
1162 2325 1345 2395 tribuenda
1368 2327 1430 2410 sit;
1456 2349 1535 2395 nam
1559 2349 1670 2420 neque

449 2465 514 2530 ego
532 2441 705 2510 infitiabor
728 2441 803 2510 fieri
817 2464 919 2533 posse
946 2441 1043 2510 utin
1070 2463 1139 2510 uno
1163 2443 1217 2510 vel
1247 2443 1355 2511 altero
1370 2442 1470 2512 titulo
1497 2443 1672 2535 epitheton

452 2557 612 2648 Byzantii
624 2555 680 2624 vel
694 2555 907 2647 Mitylenaei,
925 2577 993 2646 quo
1014 2555 1098 2625 olim
1116 2556 1402 2648 distinguebatur,
1422 2579 1504 2627 casu
1523 2558 1671 2650 quodam

452 2683 512 2740 aut
530 2694 644 2740 errore
661 2671 791 2740 librarii
814 2671 979 2740 exciderit
997 2671 1118 2764 :quod
1143 2671 1247 2740 etiam
1269 2671 1306 2740 in
1329 2673 1603 2766 Antipatrorum,
1620 2674 1672 2744 Si·

453 2787 632 2876 doniildice
642 2799 676 2857 et
686 2786 1014 2872 Thessalonicensis,
1026 2787 1235 2857 carminibus
1249 2810 1496 2880 saepenumero
1507 2789 1672 2858 accidisse

453 2904 623 2973 videmus.
644 2903 812 2993 Objieitnr
841 2902 907 2971 hoc
936 2903 1121 2972 ultimum:
1143 2903 1391 2974 Archiacorum
1407 2925 1494 2995 quae
1515 2905 1674 2974 dicuntur

455 3020 741 3110 epigrammatum
755 3017 888 3086 nullum
901 3017 936 3085 in
953 3019 1130 3110 Meleagri,
1143 3021 1278 3088 nullum
1293 3021 1327 3088 in
1344 3019 1496 3111 Philippi
1513 3043 1674 3089 coronam

455 3145 630 3228 receptum
646 3134 766 3219 fuisse,
780 3133 938 3224 quamvis
948 3133 1196 3202 Ciceronianus
1210 3134 1268 3203 ille
1281 3135 1426 3204 Archias
1441 3134 1594 3226 aequalis
1607 3133 1676 3202 Me-

457 3251 577 3342 leagri,
593 3250 752 3342 Philippo
769 3247 944 3341 aliquanto
960 3249 1136 3341 antiquior
1158 3250 1274 3320 luerit.
1291 3250 1381 3318 Illud
1395 3273 1465 3319 non
1484 3272 1525 3317 eo
1543 3258 1677 3316 tantum

456 3367 623 3460 probatur
637 3365 728 3458 quod
744 3365 779 3434 in
790 3364 976 3456 prooemiis
994 3366 1207 3434 Coronarum
1226 3366 1371 3435 Archias
1391 3366 1594 3434 nominatim
1609 3387 1680 3433 non

458 3483 603 3566 citatur;
630 3479 744 3573 potuit
767 3481 857 3548 enirn
883 3481 972 3548 inter
995 3492 1127 3551 ceteros
1148 3481 1322 3572 designari
1341 3481 1396 3550 his
1414 3480 1553 3550 verbis:
1578 3490 1680 3552 ἄλλων

457 3599 483 3670 τ’
499 3609 580 3688 ἔρνεα
590 3601 688 3684 πολλὰ
698 3606 843 3686 νεόγραφα
856 3597 880 3682 ⁸,
894 3596 969 3664 vel:
986 3603 1223 3677 mrsmnlaareb3
1232 3603 1265 3666 δὲ
1274 3608 1422 3687 περισσσύς
1432 3598 1458 3665 ⁸.
1471 3597 1579 3666 Adest
1589 3597 1682 3667 aliud

459 3713 654 3804 certiusqne
670 3720 927 3804 argumentum.
946 3712 1085 3783 Scilicet
1100 3713 1136 3780 in
1160 3712 1213 3780 his
1233 3711 1407 3782 veteribus
1432 3712 1575 3783 Coronis
1603 3736 1683 3783 con·

460 3842 527 3900 stat
540 3828 756 3922 singulorum
770 3825 938 3894 librorum
958 3827 1110 3896 carmina
1125 3828 1315 3896 secundum
1333 3828 1535 3921 incipientes
1551 3829 1683 3897 litteras

460 3948 594 4039 digesta
609 3945 737 4020 fuisse;
756 3941 926 4034 Byzantii,
947 3941 1056 4012 alium
1079 3945 1116 4012 in
1140 3953 1212 4012 toto
1236 3965 1339 4036 opere
1360 3943 1574 4035 disponendo
1591 3944 1684 4013 ordi-

461 4084 541 4132 nem
556 4059 676 4144 seouti,
692 4057 879 4150 particulas
897 4068 1013 4126 tamen
1036 4082 1122 4151 quas
1137 4081 1178 4127 ex
1203 4058 1376 4151 prioribus
1399 4059 1577 4150 florilegiis
1602 4059 1683 4128 reei-

460 4178 611 4271 piebant,
638 4183 774 4244 servata
796 4181 912 4242 vetere
941 4176 1172 4257 successione,
1197 4173 1269 4242 suis
1297 4175 1539 4245 inseruerunt:
1559 4175 1685 4267 quibus

461 4290 615 4382 vestigiis
631 4289 728 4382 quasi
744 4287 837 4358 ansis
853 4297 1000 4374 utentes,
1015 4289 1080 4358 viri
1097 4288 1187 4359 docti
1205 4313 1276 4362 non
1303 4314 1431 4384 paucas
1446 4303 1600 4361 veterum
1617 4291 1684 4361 Co·

501 4524 523 4572 Ι.
539 4515 624 4574 Anth.
640 4515 709 4584 Pet,
726 4513 773 4580 Vl,
791 4513 840 4576 16:
859 4514 989 4571 lto-181.

497 4603 523 4654 2.
541 4599 589 4665 lli,
607 4597 696 4650 7204
713 4595 799 4662 ;728.

497 4687 513 4736 3
542 4677 587 4742 Ν,
604 4695 622 4744 1,
636 4691 662 4730 υ.
677 4676 724 4730 55.

498 4762 523 4816 4.
540 4757 585 4824 lV,
603 4774 631 4826 n,
646 4771 673 4810 υ.
691 4755 732 4810 13.
