3830 5786
993 651 1171 719 ...38-

468 823 579 892 rarius
595 822 825 913 consequitur.
838 821 913 907 Cui,
929 819 1077 912 exempli
1095 819 1218 910 gratia,
1230 839 1300 890 non
1311 819 1427 911 inepta
1439 819 1594 889 videatur
1608 821 1693 890 haec

468 937 623 1007 clausula
637 937 896 1028 epigrammatis
910 937 947 1005 in
963 935 1114 1005 cicadam
1131 958 1151 1003 a
1168 935 1320 1005 formicis
1336 936 1547 1004 conlectam¹
1571 961 1578 1005 :

586 1106 657 1171 Non
673 1118 795 1190 ceptam
811 1112 906 1169 enirm·
921 1129 931 1170 .·
944 1110 1120 1192 piscantem
1138 1107 1310 1188 aenigmate
1325 1115 1434 1188 eaptus

665 1206 855 1285 Maeonides,
870 1209 1016 1292 princeps
1030 1206 1186 1283 carminis,
1203 1205 1269 1288 ipse
1283 1203 1373 1286 fuit?

468 1363 558 1448 Quid
573 1364 666 1432 enim
680 1365 832 1432 Homero
848 1386 926 1433 cum
940 1364 1084 1433 cicada?
1099 1363 1262 1433 Ceterum
1278 1363 1315 1431 in
1329 1362 1538 1431 carminibus
1554 1361 1692 1432 aliunde

467 1482 625 1573 sumptis,
653 1490 691 1549 ut
712 1490 927 1570 argumenta,
956 1480 1005 1549 ito
1026 1478 1216 1548 sententias
1241 1501 1280 1547 ac
1304 1477 1409 1547 verbe
1432 1499 1532 1569 saepe
1556 1483 1693 1547 mutua-

468 1605 522 1663 tus
546 1606 621 1672 est3
651 1619 738 1688 quae
767 1594 808 1663 dc
831 1617 894 1663 suo
918 1595 1061 1686 adjecit,
1086 1596 1259 1664 rhetorem
1278 1594 1390 1686 magis
1419 1615 1521 1686 quam
1553 1605 1691 1685 poetam

467 1713 615 1804 sapiunt.
634 1711 730 1780 Solet
752 1734 888 1803 quoque
906 1711 1094 1780 sententies
1115 1712 1222 1780 ferme
1240 1710 1330 1779 idem
1353 1709 1601 1800 significantes,
1619 1709 1692 1802 ple-

465 1849 611 1920 rumque
639 1838 753 1895 ternas
782 1849 941 1910 numero,
968 1827 1205 1911 accumulare,
1229 1827 1278 1896 ita
1307 1835 1345 1894 ut
1370 1825 1550 1894 materiem
1577 1826 1692 1917 potius

467 1943 650 2014 extendere
677 1965 780 2032 quam
808 1941 1017 2033 amplificare
1048 1942 1216 2012 videatur.
1246 1943 1364 2034 Neque
1392 1941 1469 2010 ideo
1493 1942 1693 2032 negaverim

466 2059 649 2154 aliqnando
671 2060 721 2128 illi
746 2059 933 2150 ingenuam
957 2057 1212 2149 simplicitatem
1239 2058 1460 2142 successisse,
1488 2061 1587 2149 quus
1604 2057 1692 2148 opti-

467 2199 561 2243 mum
578 2175 752 2266 specimen
771 2173 911 2266 praehet
924 2196 1061 2243 carmen
1077 2173 1112 2240 in
1127 2173 1288 2264 Priapum
1305 2171 1545 2265 Bosporanum
1557 2174 1582 2258 ',
1599 2176 1693 2244 Τοῡδε

467 2296 502 2376 μὲ
521 2298 750 2379 κυμιπλῆγος...
773 2289 950 2358 Interdum
976 2290 1080 2358 etiam
1102 2288 1268 2380 assurgit,
1292 2288 1387 2358 velut
1407 2287 1442 2356 in
1460 2288 1608 2357 heroicis
1625 2289 1694 2380 epi-

466 2405 666 2496 grammatis
682 2405 723 2474 de
738 2407 843 2497 hjace
858 2416 891 2474 et
905 2428 987 2497 apro
1004 2403 1194 2496 Calydonio
1207 2407 1218 2440 ³
1226 2408 1301 2497 jam
1314 2426 1419 2496 supra
1431 2403 1515 2472 mihi
1531 2404 1691 2474 laudetis.

467 2520 535 2590 Sed
550 2521 615 2590 hoo
630 2544 723 2606 rero;
746 2520 882 2613 saepius
897 2543 1028 2589 vacuus
1044 2531 1096 2590 est
1110 2542 1150 2590 ao
1167 2519 1334 2603 tumidus,
1354 2531 1388 2588 et
1404 2519 1693 2611 sesquipedalium

467 2638 713 2708 vocabulorum
740 2637 877 2705 inanem
902 2637 1054 2706 sonitum
1077 2659 1140 2728 pro
1162 2634 1389 2729 amplitudine
1412 2633 1530 2718 habet;
1556 2636 1694 2725 saepius

467 2753 590 2838 oratio,
618 2753 777 2845 epithetis
804 2762 945 2821 onerata
970 2752 1083 2842 potius
1113 2775 1218 2845 qnam
1242 2759 1374 2838 ornata,
1402 2773 1475 2820 rem
1503 2751 1693 2843 simplicem

467 2871 636 2939 immenso
660 2867 844 2938 verborum
869 2868 1027 2952 circuitu,
1051 2869 1087 2937 in
1111 2869 1317 2958 aenigmatis
1343 2868 1496 2948 modum,
1524 2867 1691 2950 enuntiat,

467 2986 572 3054 veluti
590 3007 669 3055 cum
684 2985 824 3054 hemum
841 2983 1023 3074 piscatoris
1038 2983 1133 3052 hisce
1150 2982 1264 3052 vorbis
1281 2983 1553 3054 circumscribit*
1571 3011 1579 3053 :

713 3163 883 3246 ....γαμψὸι
896 3165 1026 3248 χαίτῃσιν
1043 3154 1086 3245 ἐφ’
1101 3165 1225 3248 ἱππείῃσι
1239 3161 1359 3241 πεδηθὲι

712 3273 876 3354 ἄγκιστρον,
894 3273 1009 3354 κρυφίην
1024 3269 1170 3334 εἰιαλίοισι
1184 3267 1289 3351 πάγην.

468 3432 558 3515 Quid
573 3432 628 3501 his
645 3431 792 3518 doctius,
812 3431 895 3524 quid
915 3429 1065 3524 ineptius
1079 3429 1189 3521 possit
1205 3429 1416 3520 excogitari?

511 3663 554 3732 X.
581 3665 747 3752 Superest
773 3674 813 3732 ut
841 3665 882 3734 de
911 3661 1105 3732 elocutione
1133 3683 1173 3731 ac
1197 3661 1350 3732 numeris
1378 3684 1490 3754 panca
1519 3663 1690 3755 adjiciam.

468 3781 577 3850 Nemo
599 3778 746 3848 Archiae
770 3801 896 3870 purum
923 3789 1024 3871 atque
1049 3778 1243 3870 elegantem
1260 3801 1467 3864 sermonem,
1485 3801 1587 3849 nemo
1614 3803 1694 3872 pro-

467 3896 755 3988 lluensquiddsm
780 3903 813 3964 et
837 3917 1001 3964 canorum
1027 3895 1212 3979 invidebit,
1239 3917 1438 3988 quanquam
1467 3895 1503 3963 in
1531 3895 1694 3964 iterandis

466 4011 642 4081 vocabulis
668 4033 706 4080 ac
733 4034 897 4080 versuum
921 4010 1085 4081 clausulis
1110 4033 1181 4080 non
1202 4033 1338 4103 semper
1354 4011 1438 4081 vitat
1460 4010 1694 4102 reprehensio-

467 4151 558 4198 nem.
585 4127 685 4212 Quod
709 4151 833 4219 genus,
852 4127 889 4195 in
913 4127 1161 4219 epigrammate
1188 4126 1334 4196 disticho
1361 4129 1400 4194 ln
1416 4129 1606 4211 Amorem⁸‚
1625 4126 1693 4197 duo

466 4245 671 4336 pentametri
686 4245 734 4313 ita
749 4244 943 4313 desinentes
963 4265 970 4312 :
988 4243 1088 4329 μηκέτ’
1107 4243 1185 4332 ἀφεὶς
1203 4251 1374 4334 strepitust
1388 4243 1489 4329 μηκέτ’
1504 4251 1582 4333 ἔχοις
1597 4245 1691 4328 ἀκίδα,

501 4458 529 4514 1.
544 4457 630 4516 Antis.
644 4459 717 4525 rat,
734 4456 795 4526 Vll,
810 4457 863 4514 213
876 4456 910 4512 ad
923 4455 973 4511 dn.

499 4540 527 4675 ξῖ
542 4539 694 4686 lllrl'un
710 4617 769 4686 xv,
790 4618 838 4673 ιι.

499 4699 526 4752 ι.
543 4698 590 4765 vr,
606 4700 668 4756 ιιι,

498 4781 525 4838 5.
542 4777 575 4848 ν,
591 4781 636 4840 ss,
