3830 5786
937 598 1114 666 ...23-

413 767 457 836 ad
473 767 627 837 ultimam
644 775 854 836 senectutem
870 774 981 836 aetate
994 765 1161 856 producta
1171 771 1199 848 ¹;
1220 763 1335 834 Crassi
1350 766 1507 850 oratoris,
1520 767 1561 851 Q.
1576 769 1634 839 Ce-

413 882 489 967 tuli,
502 881 683 951 familiaris
700 882 765 951 luit
776 883 800 966 ⁸,
817 905 880 952 seu
898 882 1044 950 Romam
1057 879 1130 971 ipse
1146 879 1291 966 venerit,
1302 902 1364 949 seu
1380 881 1416 949 in
1436 882 1636 954 Macedonia

411 999 467 1067 vel
481 997 626 1067 Graecia
639 997 703 1066 iter
728 997 931 1068 facientibus
950 997 1033 1065 olim
1057 995 1253 1066 occurrerit.
1272 996 1305 1065 Is
1328 997 1434 1088 igitur
1456 999 1635 1092 Antipater

413 1113 545 1182 solebat
560 1112 739 1204 (Cicerone
753 1113 853 1200 teste)
877 1135 991 1182 versus
1009 1111 1220 1180 hexametros
1236 1110 1387 1204 aliosque
1406 1113 1508 1182 coriis
1528 1118 1636 1188 modc's

412 1243 516 1322 atque
536 1230 684 1298 numeris
704 1228 851 1321 surrdere
874 1253 916 1298 ecc
935 1242 1095 1321 tempore.
1113 1229 1183 1298 Nec
1205 1227 1322 1296 miuus
1339 1227 1381 1298 ob
1403 1228 1497 1299 illam
1517 1255 1634 1324 praes-

414 1345 556 1414 tantiam
578 1345 723 1415 Archias
745 1343 990 1414 Antiochensis
1017 1343 1060 1412 ab
1086 1343 1208 1413 eodem
1235 1342 1399 1414 Cicerone
1430 1346 1632 1419 celebratur.

415 1462 586 1547 Quotiens,
614 1461 697 1544 ait¹,
723 1484 784 1553 epo
807 1461 897 1530 hunc
916 1460 999 1544 vidi,
1021 1482 1099 1528 cum
1121 1458 1269 1528 litteram
1288 1461 1470 1552 scripsisset
1488 1463 1632 1550 renllam,

409 1601 574 1670 mopnum
593 1599 776 1646 nnmerum
794 1576 1002 1670 optimorum
1021 1599 1179 1645 versuum
1197 1573 1240 1644 de
1260 1575 1301 1644 iis
1315 1576 1396 1669 ipsis
1416 1580 1525 1663 rebus,
1547 1603 1634 1672 quoe

409 1707 484 1764 tum
508 1707 697 1787 operentur,
718 1692 828 1761 dicere
849 1716 890 1761 ec
910 1694 1080 1785 tempore!
1100 1693 1254 1784 quotiens
1269 1706 1462 1762 revocatum
1481 1695 1634 1766 eamdem

407 1833 480 1879 rem
502 1809 614 1879 dicere
642 1809 858 1878 commutetis
884 1807 991 1877 verbis
1019 1821 1124 1900 etque
1150 1807 1345 1877 sententiis!
1370 1809 1446 1893 Qua
1470 1811 1633 1883 facilitate

406 1925 545 1996 beatam
557 1925 772 2009 memoriam,
789 1924 964 1994 assiduam
977 1923 1268 2009 exercitationem,
1283 1925 1465 1994 verborum
1477 1939 1632 2019 paratam

407 2041 540 2133 copiam
566 2040 752 2132 significari
781 2063 850 2109 non
878 2039 1100 2132 negaverim3
1128 2040 1232 2108 etiam
1257 2062 1424 2131 magnum
1449 2066 1632 2114 numerum

406 2180 569 2228 versuum
585 2157 633 2226 ita
655 2156 849 2227 condidisse
864 2155 1041 2242 Archiam,
1059 2155 1215 2226 Ciceroni
1239 2156 1396 2240 credam;
1414 2181 1457 2226 an
1472 2167 1507 2226 et
1522 2159 1632 2229 bonos

406 2273 609 2357 condiderit,
630 2273 665 2342 in
682 2272 796 2342 medio
813 2272 1017 2365 relinquam.
1042 2271 1180 2342 Scilicet
1200 2273 1317 2365 quiex
1338 2283 1490 2364 tempore
1511 2297 1633 2346 versus

405 2391 517 2460 dicere
534 2390 659 2474 solent,
675 2411 786 2482 pauco
802 2412 844 2458 ex
857 2389 996 2481 ingenio
1011 2390 1068 2457 vel
1082 2389 1258 2482 proposita
1272 2389 1427 2474 materia,
1444 2390 1577 2483 reliqua
1592 2415 1634 2460 ex

406 2505 554 2575 aliorum
577 2505 675 2574 libris
698 2507 754 2574 vel
780 2506 992 2597 praeparatis
1016 2505 1101 2574 locis
1130 2527 1217 2598 quos
1241 2529 1308 2574 usu
1333 2527 1373 2575 ac
1396 2507 1633 2577 recordatione

404 2631 524 2691 tenent
537 2620 739 2713 plerumque
755 2620 974 2713 depromunt,
988 2621 1036 2689 ita
1053 2631 1092 2690 ut
1106 2621 1228 2690 humili
1245 2644 1284 2691 ac
1294 2621 1452 2692 sordidae
1471 2645 1632 2715 praesen-

407 2739 494 2807 tium
517 2759 633 2807 rerum
658 2737 886 2829 descriptione
902 2760 1103 2830 purpureus
1123 2761 1212 2806 unus
1228 2751 1262 2805 et
1284 2736 1385 2824 alter,
1405 2738 1466 2808 sed
1487 2739 1517 2807 is
1539 2761 1631 2808 com-

407 2855 534 2938 munis,
559 2875 695 2946 pannus
719 2861 890 2923 assuatur.
917 2851 1128 2943 Hujosmodi
1149 2851 1257 2922 luisse
1283 2854 1465 2944 repentina
1484 2854 1632 2925 Archiae

406 2969 559 3040 carmina
571 2991 612 3036 eo
625 2967 737 3058 magis
751 2965 1024 3036 existimaverim
1038 2965 1131 3059 quod
1146 2967 1270 3057 scripta
1283 2970 1357 3060 ejus
1370 2967 1631 3060 epigrammata,

405 3095 444 3153 ut
458 3107 551 3153 nunc
572 3083 637 3153 erit
661 3082 979 3166 demonstrandum,
1006 3082 1169 3150 solertem
1189 3082 1410 3168 imitatorem,
1428 3084 1534 3154 immo
1555 3107 1633 3153 ver·

408 3201 532 3270 borum
557 3209 592 3269 et
615 3199 863 3270 sententiarum
887 3199 1077 3267 alienarum
1094 3199 1219 3284 furem,
1247 3199 1447 3291 saepissime
1471 3210 1631 3292 arguunt.

453 3461 514 3530 111.
539 3461 764 3554 Epipremma
792 3461 827 3528 in
856 3458 1024 3551 principio
1058 3459 1145 3528 nihil
1181 3459 1276 3528 aliud
1307 3460 1372 3528 fuit
1396 3460 1501 3552 (quod
1531 3461 1634 3531 etiem

408 3601 534 3648 nomen
564 3580 640 3668 ejus
668 3575 830 3667 declarat)
866 3596 969 3667 quam
1005 3574 1211 3644 brevissima
1238 3575 1351 3664 elegia
1387 3576 1544 3667 sepulcro
1577 3579 1633 3648 vel

410 3693 554 3764 donario
572 3693 745 3784 inscripta.
767 3690 970 3760 Humillimo
987 3690 1147 3759 carminis
1159 3690 1276 3781 generi
1298 3691 1494 3761 Simonides
1508 3692 1634 3763 nobili-

330 3903 332 3908 ·
407 3819 526 3892 tatem,
555 3807 778 3877 Alexandrini
808 3816 928 3896 poetae
958 3805 1163 3875 varietatem
1189 3805 1400 3899 adjecerunt,
1427 3816 1464 3875 ut
1492 3808 1635 3877 cuilibet

408 3936 625 4019 argumento,
644 3924 854 4019 quibuslibet
878 3924 1055 3993 allectibus
1082 3924 1314 4014 exprimendis
1338 3924 1502 3996 idoneum
1525 3926 1632 3996 lieret.

408 4043 480 4112 Hos
491 4042 613 4111 deinde
629 4041 738 4112 secuti
751 4039 925 4109 innumeri
938 4049 1072 4133 poetae,
1086 4040 1244 4110 Romana
1259 4049 1292 4110 et
1303 4041 1495 4132 Byzantina
1510 4050 1633 4124 aetate,

407 4167 559 4228 veterem
588 4166 709 4239 artem,
739 4157 767 4225 si
797 4178 867 4226 non
893 4154 1199 4247 amplificaverunt,
1226 4164 1377 4225 attamen
1404 4158 1632 4228 retinuerunt.

444 4402 470 4457 Ι.
486 4400 548 4458 Val.
563 4401 710 4467 Maximus,
724 4401 746 4470 l,
762 4417 817 4464 ιιιι.
835 4402 879 4467 Ι6,
898 4408 956 4456 ext.
972 4419 980 4466 3
1000 4399 1084 4468 Ptin,
1100 4398 1159 4470 Vll,
1178 4417 1214 4471 m,
1232 4403 1301 4472 1723
1322 4401 1412 4472 ambo,
1429 4409 1459 4459 ut
1472 4403 1589 4472 ridetur,
1602 4421 1637 4461 ex

408 4481 550 4549 Cicerone,
571 4483 684 4552 Desste,
700 4482 787 4548 lll,5.
805 4479 861 4537 Sed
876 4498 929 4537 non
947 4480 1017 4536 febri
1031 4497 1133 4550 onnus,
1150 4497 1243 4536 verum
1259 4483 1348 4554 lapsu,
1362 4500 1442 4554 quem
1456 4483 1548 4540 ebrius
1564 4485 1634 4556 lecit,
1660 4507 1662 4514 ι

409 4571 562 4636 correptum
578 4563 749 4636 Antipatrum
765 4569 882 4618 testetur
897 4560 1045 4633 Meleager,
1060 4561 1154 4617 Anth.
1169 4563 1241 4630 rat,
1257 4561 1316 4628 Vll,
1333 4563 1395 4618 4‘28.

444 4643 472 4699 2.
486 4641 562 4709 Cic„
583 4645 620 4698 De
632 4649 748 4711 oratore,
767 4641 815 4704 ΙΙΙ,
831 4659 856 4709 c,
874 4641 926 4698 194
939 4640 1071 4714 (Tempus
1086 4639 1189 4712 dialogi
1205 4659 1294 4698 onnus
1309 4651 1353 4698 est
1369 4641 1400 4704 U.
1417 4641 1448 4700 C.
1464 4644 1539 4720 663).

446 4722 473 4777 3.
494 4723 547 4778 Pro
559 4723 674 4793 Archia,
691 4721 766 4788 ΙΙΙΙΙ,
783 4721 826 4782 18.
