3830 5786
954 657 1133 730 ..36-

431 829 607 923 provincia
619 831 767 923 propriis
782 832 921 901 conlidit
936 833 1058 924 pennis
1072 857 1080 903 ε
1093 835 1196 904 modo
1209 833 1396 926 Pamphili,
1410 833 1515 902 modo
1527 835 1658 926 Anytaa

433 949 586 1019 carmina
602 949 758 1019 imitatur
779 959 813 1020 et
829 950 968 1040 longius
986 951 1245 1022 circumducit¹.
1269 951 1389 1046 Neque
1410 951 1448 1021 in
1471 949 1657 1020 dedicatio·

434 1064 535 1135 nihus
549 1067 660 1158 major
671 1066 817 1136 novitas.
832 1067 871 1136 Iu
885 1066 951 1135 hoc
972 1067 1261 1160 epigrammatum
1277 1089 1417 1158 genera,
1437 1089 1520 1138 sane
1535 1065 1656 1135 humili

432 1203 544 1273 neque
558 1180 636 1252 ideo
651 1182 846 1266 invenusto,
858 1205 939 1252 vere
955 1205 1104 1274 magnus
1120 1183 1251 1253 exstitit
1266 1183 1390 1253 artifex
1403 1183 1576 1253 Leonidas
1591 1183 1657 1251 Ta·

431 1297 600 1382 reminas,
618 1298 711 1389 ragis
726 1298 846 1390 Pyrrhi
865 1299 1031 1393 aequalis,
1056 1322 1160 1392 quem
1176 1323 1245 1369 non
1266 1299 1379 1392 inepte
1398 1298 1586 1392 pletorihus
1599 1297 1658 1392 qui

432 1423 617 1504 ρυνκόγραφοι
633 1414 815 1484 dicuntur¹
832 1415 958 1508 aliquis
974 1416 1176 1503 contulerit;
1194 1415 1287 1487 hunc
1300 1417 1481 1508 Antipater
1495 1413 1658 1486 Sidonius

430 1551 532 1622 saepe
548 1529 703 1600 imitatus
717 1540 782 1617 est,
799 1531 1019 1623 Antipatrum
1034 1532 1195 1602 Archias.
1215 1533 1272 1602 Sic
1287 1531 1501 1624 epigramma
1516 1534 1659 1602 Σάνδαλα

429 1662 517 1716 ταῦτα
544 1649 673 1731 Btrova,
695 1646 731 1714 in
756 1657 918 1739 quattuor
939 1649 1178 1720 meretriculas
1194 1647 1321 1720 Veneri
1345 1648 1512 1718 mundum
1533 1647 1658 1716 mulia-

429 1762 524 1831 brem
549 1763 732 1832 offerentes
743 1766 768 1847 ⁸,
795 1763 883 1832 nihil
908 1775 960 1834 est
983 1764 1052 1834 uisi
1076 1765 1221 1835 variatio
1246 1763 1410 1836 carminis
1433 1762 1655 1856 Antipatri⁴t
1733 1849 1735 1856 Ι

431 1881 572 1950 >laetata
594 1883 646 1964 μὲν
666 1883 701 1949 τὰ
719 1887 814 1950 ποδῶν
830 1889 995 1970 θαλπτήρια
1010 1897 1100 1951 ταῦτα
1115 1885 1242 1953 Blrrvva.
1261 1881 1348 1951 Ecce
1365 1881 1467 1952 allam
1483 1880 1655 1964 tabellam,

429 1991 509 2061 huic
534 1993 714 2064 Venereae
748 1995 1003 2086 quodammodo
1033 1997 1239 2090 oppositam,
1269 2019 1358 2091 quae
1386 2005 1499 2066 castas
1525 1997 1658 2088 puellas

429 2107 573 2193 inducit,
586 2109 670 2178 artis
680 2110 835 2180 lanificae
846 2111 1076 2183 instrumenta
1088 2111 1262 2183 hlinervaa
1274 2114 1528 2205 ponentes⁵tht
1539 2121 1655 2203 τρισσαὶ,

430 2225 1313 2322 Zarlprre...lhiAntipatriquodsuspicorexstitisse
1324 2230 1499 2321 exemplar
1510 2227 1654 2309 interiit3

429 2341 502 2426 sed,
517 2350 652 2432 praeter
669 2342 823 2428 nomina,
841 2343 912 2414 fere
929 2345 1048 2414 omnia
1066 2345 1272 2438 deprompta
1289 2345 1450 2415 videntur
1469 2366 1513 2412 ex
1531 2343 1656 2413 Leoni-

430 2456 492 2526 dae
514 2455 762 2548 epigrammata
787 2458 882 2551 quod
905 2459 1049 2552 incipiI⁸
1072 2483 1081 2530 ε
1105 2465 1273 2548 Αὑτονόμα,
1295 2465 1451 2546 Meldreur,
1476 2464 1654 2530 Beterrae...

429 2571 545 2642 Etiam
559 2572 742 2666 Phintylus
756 2573 908 2665 piscator
921 2575 1112 2646 Archiacus
1125 2587 1135 2618 ²
1150 2577 1384 2668 Diophantum
1400 2575 1656 2646 Leonidaeum⁸

430 2687 681 2779 propemodum
700 2689 818 2775 refert,
836 2691 995 2783 quamvis
1015 2691 1072 2762 hic
1089 2693 1309 2778 Mercurium,
1327 2694 1396 2778 ille,
1415 2703 1453 2762 ut
1473 2692 1655 2776 recentior,

432 2802 595 2894 Priapu'm
624 2803 772 2876 invocet.
805 2807 855 2876 De
884 2807 994 2877 trihus
1022 2807 1185 2878 iratribus
1213 2810 1433 2881 venatoribus
1454 2813 1526 2903 jam
1554 2829 1659 2901 supra

433 2941 546 2988 sermo
569 2919 652 3004 luit;
675 2944 778 3013 quam
798 2923 992 3009 materiam,
1014 2924 1207 2996 aLeonida
1225 2925 1412 3008 inventam,
1440 2947 1560 2993 rursus
1580 2932 1657 3015 post

430 3035 650 3126 Antipatrum
662 3049 784 3128 quater
799 3039 943 3109 variavit
954 3041 1111 3110 Archias.
1127 3043 1243 3134 Neque
1258 3042 1325 3111 hoc
1338 3040 1421 3110 satis
1436 3039 1500 3109 fuit
1516 3060 1524 3110 τ
1541 3061 1657 3108 recen-

429 3153 537 3222 tiores
558 3153 653 3222 enim
674 3164 797 3247 poetae
820 3156 947 3227 iterum
963 3167 1066 3251 atque
1081 3158 1206 3228 iterum
1227 3158 1381 3228 misellos
1397 3157 1518 3226 fratres
1534 3156 1571 3225 in
1585 3177 1657 3224 sce·

429 3291 510 3338 nam
531 3267 667 3361 prodire
692 3282 879 3362 coegerunt
904 3286 1153 3366 servanturque
1174 3274 1211 3344 in
1231 3295 1366 3342 summa
1380 3273 1463 3342 XIII
1487 3271 1657 3364 epigram-

431 3394 523 3454 mata
535 3386 664 3456 circum
684 3386 769 3456 illud
784 3387 900 3459 thema
914 3389 1068 3460 ludentia
1078 3392 1103 3459 ⁹.
1117 3392 1283 3460 Attamen
1297 3390 1389 3459 ultor
1403 3389 1521 3458 aderat
1534 3389 1657 3459 Lucia·

430 3525 507 3586 nus,
542 3502 600 3593 qui
637 3513 688 3572 tot
722 3513 903 3595 poetarum
933 3529 1058 3596 nugas,
1092 3529 1259 3576 nauseam
1291 3504 1428 3574 tandem
1465 3512 1654 3584 moventes,

429 3617 601 3686 obscoena
615 3617 808 3688 imitatione
822 3620 1033 3712 perstrinxit,
1050 3643 1112 3713 pro
1132 3621 1243 3692 trihus
1259 3621 1390 3692 scilicet
1409 3618 1571 3689 fratribus
1586 3628 1655 3687 tres

430 3733 626 3804 meretrices
641 3733 850 3824 inducendo,
867 3737 970 3828 longe
987 3738 1143 3808 diversae
1158 3737 1351 3808 venationis
1367 3735 1519 3829 praemia
1534 3734 1656 3828 Cythe-

464 3912 489 3968 1.
505 3914 593 3969 Acth.
608 3915 680 3982 Pet,
694 3914 755 3985 Vll,
770 3915 824 3972 213
842 3917 982 3991 (Archiae)
993 3944 1023 3974 =
1036 3915 1097 3987 Vll,
1111 3918 1163 3976 aot
1180 3916 1355 3993 (Pamphili);
1372 3915 1502 3984 v11,2tt
1517 3913 1656 3990 (Archiae)

428 4017 458 4047 =
468 3990 594 4056 Vll,2l5
608 3995 750 4068 (Anytes).

462 4071 490 4129 2.
507 4071 623 4145 Plinius,
638 4075 711 4132 Hor.
727 4084 802 4145 not,
815 4078 931 4148 xxxv,
946 4081 992 4138 ³7.

463 4153 491 4208 3.
508 4155 594 4208 Anth.
609 4156 685 4223 Pet,
700 4155 748 4230 Vl,
764 4159 827 4218 207.

463 4233 491 4288 t.
506 4229 554 4296 Vl,
568 4235 632 4295 206.

462 4313 490 4367 5.
507 4309 552 4382 Vl,
567 4315 614 4373 39.

460 4393 489 4447 6.
507 4390 554 4460 v1,
573 4395 638 4450 289.

460 4473 489 4530 7.
505 4471 552 4542 lll,
570 4475 633 4533 192.

462 4555 489 4609 8.
510 4552 555 4620 Vl,
572 4555 598 4612 t.

460 4634 489 4688 9.
506 4631 553 4698 Vl,
570 4638 597 4690 ll
617 4635 754 4711 (Satyriil,
771 4641 804 4696 12
822 4637 953 4712 (Iuliani),
976 4645 1010 4699 13
1029 4643 1197 4716 (Leonidae),
1220 4647 1252 4702 11
1274 4646 1446 4720 (Antipatri),
1469 4649 1504 4704 15
1518 4645 1655 4719 (ejusdem

426 4711 467 4768 vel
491 4711 609 4785 Zosimi),
637 4715 680 4782 16,
700 4719 814 4774 tra-tat
838 4719 986 4792 (Archiae),
1008 4727 1059 4780 182
1080 4725 1236 4796 (Alexandri
1260 4725 1421 4800 Magnetis),
1447 4725 1656 4798 lassamini

425 4791 542 4866 Thasii),
559 4795 610 4852 tao
624 4797 697 4870 (Iulii
710 4797 835 4871 Dioclis),
856 4800 908 4857 tat
923 4803 1049 4874 (Aloeei).
