3830 5786
800 661 977 728 ...Π-

274 829 423 898 Archiae
453 851 593 900 carmen
616 853 687 900 non
711 841 780 898 tam
806 833 997 918 Μιθριδατικὰ
1022 828 1128 898 luisse
1153 849 1257 920 quam
1277 830 1498 906 Λουκιυλλικά,

276 955 348 1028 aut,
366 957 403 1014 ut
415 945 487 1037 ipse
504 945 551 1015 ait
566 945 696 1032 Cicero,
710 969 873 1038 praecum
883 968 1007 1036 poema
1021 943 1171 1013 Lucullis
1184 943 1395 1024 conditum¹3
1410 941 1501 1034 quod

274 1061 382 1154 igitur
391 1062 966 1154 Theophanesblitylenaeusprosa
976 1059 1306 1150 crationsPompeio
1317 1056 1498 1150 praestitit,

275 1177 309 1244 id
325 1178 446 1246 eodem
467 1187 620 1269 tempore
639 1178 787 1247 Archias
804 1177 1048 1247 Antiochensis
1064 1175 1221 1244 versibus
1242 1174 1322 1243 lecit
1341 1172 1499 1243 Lucullo.

276 1293 439 1363 Ceterum
453 1303 488 1362 et
505 1293 608 1362 latine
622 1292 791 1386 quosdam
805 1293 985 1386 scripsisse
998 1291 1034 1362 in
1049 1293 1188 1362 laudem
1199 1290 1335 1362 Luculli
1351 1313 1393 1357 ex
1409 1289 1503 1357 Cice·

276 1431 360 1478 rone
377 1410 622 1502 comperimus,
645 1410 718 1480 siva
738 1409 892 1480 carmina
911 1410 1106 1494 coluerint,
1124 1408 1197 1477 sive
1215 1405 1421 1488 historiae²;
1441 1403 1502 1472 sed

275 1525 423 1595 Archiae
448 1525 543 1618 operi
563 1534 698 1619 praeter
717 1533 831 1613 cetera
850 1525 936 1597 illud
955 1525 1101 1620 pretium
1128 1524 1269 1608 addidit,
1293 1523 1384 1614 quod
1401 1529 1503 1614 poeta

275 1663 331 1709 res
352 1663 374 1710 a
393 1664 430 1710 se
454 1641 529 1733 ipso
552 1651 754 1733 conspectas
778 1641 972 1733 scripserat,
998 1642 1122 1734 quippe
1143 1640 1202 1731 qui
1225 1639 1288 1708 toti
1307 1637 1387 1706 buic
1410 1637 1500 1706 bello

275 1755 493 1844 Luculliano,
511 1767 550 1826 ut
564 1779 669 1851 supra
682 1755 845 1844 vidimus,
865 1756 902 1826 in
920 1757 995 1850 ipsa
1008 1758 1150 1828 cohorte
1166 1754 1383 1847 imperatoris
1398 1753 1502 1822 inter-

275 1869 409 1940 luisset.

318 2101 430 2172 XVII.
455 2102 534 2172 Jam
550 2125 592 2172 ex
612 2103 671 2173 illo
689 2126 793 2196 quern
809 2126 914 2196 snpra
933 2101 1032 2173 attuli
1051 2102 1227 2173 Ciceronis
1243 2103 1320 2172 loco
1337 2099 1501 2172 discimus

275 2239 414 2287 carmen
431 2219 579 2288 Archiae
603 2219 640 2288 in
661 2220 777 2313 pluras
800 2221 907 2290 libros
929 2220 1037 2288 fuisse
1061 2219 1229 2302 divisum;
1254 2217 1319 2287 hos
1340 2227 1502 2310 quattuor

274 2331 380 2401 fuisse
405 2355 562 2418 numero,
584 2356 649 2402 nec
667 2335 829 2426 amplius,
851 2334 1008 2404 arbitror.
1031 2333 1256 2402 Alexandrini
1281 2331 1372 2402 enim
1398 2333 1498 2424 epici,

274 2471 421 2540 quorum
457 2471 590 2520 morem
620 2449 767 2522 Archias
799 2451 990 2521 servavisse
1022 2449 1167 2534 videtur,
1205 2447 1272 2540 ipsi
1304 2449 1500 2518 Aristotelis

273 2566 510 2636 auctoritatem
527 2567 635 2636 secuti
648 2567 671 2652 ³,
690 2579 895 2660 argumenta
908 2589 971 2636 sua
983 2563 1240 2655 angustioribus
1254 2564 1381 2633 finibus
1397 2587 1500 2656 quam

274 2691 404 2750 veteres
418 2682 642 2768 incluserunt,
655 2683 691 2752 in
702 2683 911 2754 carminibus
922 2681 1071 2752 heroicis
1082 2680 1449 2770 tetralogiastragicas,
1462 2696 1502 2756 ut

274 2796 510 2888 amplitudine,
527 2798 575 2867 ita
599 2798 847 2891 quadripertita
868 2797 1038 2868 divisione
1062 2798 1264 2888 plerumque
1282 2795 1406 2865 imitati
1424 2817 1432 2866 :
1451 2796 1500 2866 sic

273 2912 450 3002 Apollonii
470 2912 596 2982 Rhodii
617 2915 851 3008 Arqouuuticu
864 2924 1027 3006 quattuor
1044 2913 1142 2981 libris
1162 2913 1392 2994 continentur,
1412 2933 1499 3004 quo-

273 3049 350 3094 rum
374 3028 613 3122 unusquisque
638 3031 875 3119 magnitudine
903 3029 990 3098 duos
1010 3030 1151 3098 Homeri
1169 3029 1289 3111 libros,
1314 3027 1370 3096 vel
1394 3049 1499 3096 unam

273 3141 448 3234 Euripidis
472 3145 697 3236 tragoediam,
721 3145 930 3239 aequiparet.
956 3147 1032 3216 Hoc
1056 3144 1122 3214 sihi
1140 3144 1315 3235 exemplar
1339 3143 1497 3212 Archiam

156 3265 163 3278 '
273 3259 495 3350 proposuisse
529 3283 570 3330 eo
600 3263 712 3352 magis
735 3262 886 3349 credam,
911 3261 1003 3354 quod
1026 3260 1142 3329 fabula
1167 3260 1209 3328 ab
1233 3281 1275 3329 eo
1301 3267 1444 3328 tractata
1465 3259 1499 3327 in

274 3376 397 3444 iisdem
415 3376 593 3446 lerelocis
611 3399 714 3469 quam
738 3376 974 3470 Argonautica
995 3386 1094 3469 gesta
1118 3385 1203 3458 erat,
1226 3396 1360 3444 necnon
1385 3395 1500 3444 rerum

272 3502 446 3581 gestarum
473 3492 573 3586 quasi
597 3492 789 3564 similitudo
813 3494 983 3586 quaedam
1005 3492 1231 3562 intercidebat
1254 3517 1262 3560 :
1285 3490 1500 3560 Mithridates

272 3605 365 3674 enim
389 3627 409 3674 a
434 3606 600 3676 Cicerone
625 3609 800 3699 aptissime
829 3631 907 3676 cum
932 3607 1053 3676 Medea
1076 3607 1263 3692 confertur,
1289 3605 1415 3699 quippe
1439 3605 1498 3698 qui

271 3743 393 3790 aurum
412 3723 515 3814 (sicut
536 3723 596 3792 illa
617 3724 731 3792 fratris
755 3724 808 3792 sui
830 3722 997 3814 membra)
1019 3722 1158 3814 fugiens
1178 3721 1407 3813 dissipaverit,
1429 3743 1497 3812 quo

271 3836 397 3906 melius
426 3839 616 3908 retardaret
642 3849 920 3932 persequentes&
951 3839 1135 3908 Praeterea
1164 3861 1207 3908 ex
1232 3837 1306 3930 ipso
1335 3837 1497 3908 carminis

270 3962 469 4046 conspectu,
495 3975 597 4044 quem
620 3953 770 4044 legimus
796 3956 886 4047 apud
913 3953 1127 4037 Ciceronem,
1155 3953 1363 4044 intelligenti
1389 3973 1499 4046 pauca

269 4091 435 4139 numerus
462 4069 630 4139 librorum
655 4093 695 4140 ac
722 4093 839 4141 rerum
863 4071 1059 4142 distributio
1091 4069 1175 4140 satis
1208 4071 1356 4140 elucent.
1387 4067 1499 4140 Verba

304 4303 329 4360 l.
351 4305 398 4362 Ad
410 4305 484 4374 Act,
500 4304 521 4372 Ι,
538 4321 593 4374 rvr,
611 4305 658 4364 15.

300 4385 328 4444 2.
345 4386 434 4441 Acad.
453 4387 556 4456 priua,
581 4385 613 4450 ΙΙ,
644 4403 675 4458 ιι,
694 4387 730 4442 4:
751 4385 807 4442 Sed
825 4402 895 4460 quae
915 4387 1054 4459 populari
1074 4386 1164 4457 cloria
1187 4384 1311 4443 decorari
1330 4385 1361 4440 ιἰι
1384 4384 1497 4441 Lucullo

266 4461 430 4536 debuerunt,
443 4483 475 4522 ca
485 4467 546 4538 fere
560 4473 623 4522 sunt
637 4473 662 4522 et
673 4471 780 4536 praecis
793 4467 893 4524 litteris
900 4469 1036 4524 celebrata
1049 4473 1074 4522 et
1087 4469 1193 4523 latinis.

301 4545 328 4603 3.
348 4544 751 4617 Aristot.,Poet.,Xx1V,5:
770 4547 892 4598 δύνασθαι
912 4551 949 4598 δεῖ
969 4551 1122 4614 συνορᾶσθαι
1141 4545 1185 4608 τὴν
1206 4541 1285 4612 ἀρχὴν
1305 4548 1349 4597 ναὶ
1368 4546 1397 4597 τὸ
1415 4545 1494 4603 τίλας.

266 4625 316 4686 Ele
331 4625 352 4677 δ’
365 4625 394 4678 ἂν
414 4633 498 4686 τοῦτο,
514 4622 535 4677 εἷ
554 4635 603 4678 τῶν
623 4626 665 4691 pdv
686 4626 799 4692 ἀρχαίων
819 4623 936 4686 ἐλάττους
955 4629 980 4679 αἱ
1003 4627 1137 4688 συστάσεις
1155 4627 1215 4686 εἶεν,
1230 4627 1292 4692 πρὸς
1309 4627 1335 4678 δὲ
1353 4627 1383 4677 τὸ
1402 4629 1496 4690 πλῆθος

266 4713 316 4755 τῶν
328 4707 476 4772 τραγῳδιῶν
488 4713 537 4757 τῶν
552 4701 586 4764 τὶς
601 4705 658 4770 μίαν
672 4708 795 4774 ἀκροάσιν
810 4707 942 4772 τιθεμένων
957 4706 1103 4774 caprinoue.

302 4785 329 4842 d.
342 4785 395 4840 Pro
409 4785 467 4856 lens
481 4787 607 4856 Manilia,
625 4785 671 4860 lX,
686 4788 731 4842 22.
