3830 5786
807 661 986 727 ..pp-

225 797 230 808 ’
284 824 454 894 femineae
471 843 633 894 caesurae
648 847 751 895 usum
768 847 903 917 semper
922 826 959 895 in
979 826 1087 917 elegis
1103 830 1217 920 magis
1232 851 1335 922 quam
1351 829 1388 899 in
1402 829 1510 899 bexa-

285 941 403 1010 metris
417 945 492 1012 κατὰ
503 950 597 1032 στίχον
612 939 801 1011 obtinuisse
823 965 831 1025 ;
848 947 947 1036 cujus
962 965 1066 1013 causa
1080 944 1116 1012 in
1133 957 1290 1038 promptu
1309 967 1317 1013 :
1335 968 1415 1015 nam
1431 969 1508 1015 cum

284 1079 406 1126 versus
422 1067 639 1149 pentameter
657 1067 780 1126 natura
804 1081 846 1126 ex
868 1058 1001 1127 duabus
1019 1060 1348 1152 penthemimeribus
1365 1071 1508 1146 constet,

286 1173 316 1242 si
330 1171 529 1242 hexameter
544 1174 663 1243 eadem
683 1175 816 1244 ratione
842 1174 1026 1261 dividatur,
1050 1175 1124 1267 pari
1147 1177 1379 1246 modulatione
1403 1201 1510 1269 usquc

285 1300 491 1375 recurrente,
504 1289 633 1359 orietur
645 1290 835 1362 fastidium.
850 1292 975 1362 Contra
989 1293 1018 1361 si
1034 1294 1186 1385 plerique
1199 1294 1390 1363 hexametri
1404 1317 1510 1363 unum

285 1429 395 1497 genus
415 1427 579 1475 caesurae
600 1415 798 1498 sequantur,
817 1409 1022 1499 pentametri
1042 1409 1202 1494 alterurn,
1221 1409 1368 1479 varietas
1389 1433 1511 1480 nume·
1577 1387 1580 1392 ⁵

285 1545 404 1592 rorum
426 1522 571 1592 disticho
595 1525 749 1615 leporem
770 1524 882 1594 addet.
910 1524 1000 1594 Sane
1020 1525 1105 1594 haec
1125 1526 1316 1616 elegantiae
1343 1525 1512 1596 subtilitas

287 1639 462 1707 Romanos
480 1637 652 1728 elegiacos
669 1649 702 1708 et
716 1640 878 1731 vulgares
889 1640 1037 1710 Graecos
1053 1651 1172 1733 poetas
1186 1642 1245 1733 qui
1261 1664 1324 1711 sua
1339 1641 1512 1733 lapidibus

288 1751 535 1844 inscripserunt
557 1754 698 1822 omnino
718 1754 827 1846 lugit3
845 1754 905 1825 sed
923 1777 998 1824 eam
1014 1754 1239 1825 Alexandrini
1253 1777 1432 1849 nunquam
1451 1780 1511 1826 ne·

286 1871 479 1960 glexerunt,
495 1869 639 1939 Archias
660 1870 763 1940 etiam
778 1871 960 1941 immodice
976 1871 1102 1956 coluit;
1131 1871 1220 1941 inest
1235 1872 1326 1942 enim
1343 1873 1510 1943 femineae

287 2007 449 2056 caesurae
465 1987 625 2056 mollities
642 1987 811 2079 quaedam
829 1997 863 2056 et
881 1987 1040 2078 languor,
1068 1987 1126 2080 qui
1142 2011 1208 2057 usu
1234 1998 1268 2058 et
1288 1988 1512 2060 continuitate

288 2102 441 2174 taedium
457 2113 607 2190 movent,
626 2103 785 2173 Nouuum
798 2104 994 2196 legentibus
1011 2127 1189 2174 nauseam.

334 2338 413 2408 XII.
437 2337 529 2408 Satis
544 2359 714 2429 superque
729 2335 828 2405 nobis
849 2337 890 2406 de
912 2336 1204 2428 epigrammaticis
1219 2337 1366 2407 Archiae
1381 2337 1516 2407 lusibus

291 2454 487 2524 dictumest
508 2477 516 2538 ;
543 2476 634 2523 nunc
657 2453 700 2522 ad
723 2475 764 2523 ea
787 2456 1021 2523 convertimur
1044 2457 1361 2547 majorapoemata,
1378 2453 1514 2546 quibus,

291 2571 373 2640 dum
410 2570 559 2655 vivebat,
591 2571 702 2662 gloria
729 2573 804 2664 ejus
828 2568 977 2640 maxime
1003 2569 1188 2641 nitebatur.
1220 2570 1391 2653 Quattuor
1419 2570 1515 2640 luero

291 2708 461 2757 numero:
481 2686 704 2768 Cimbricum,
722 2685 1002 2766 Mithridaticum,
1028 2685 1239 2771 Tullianum,
1269 2685 1513 2757 Caecilianum.

289 2803 421 2874 Horum
449 2803 517 2872 tria
540 2803 598 2873 vel
622 2803 748 2895 incepit
775 2812 922 2887 tantum,
938 2802 992 2870 vel
1009 2801 1130 2871 leviter
1145 2801 1382 2880 adumbravit;
1406 2823 1515 2872 unum

289 2919 558 2991 Mithridaticum
573 2919 616 2988 ad
631 2920 736 2989 finem
747 2919 920 3011 perduxit,
940 2918 981 2988 de
997 2941 1066 3011 quo
1080 2918 1189 3009 igitur
1199 2917 1310 2987 fusius
1326 2917 1391 2986 erit
1405 2916 1515 2986 disse-

289 3036 446 3105 rendum.
467 3035 534 3104 Sed
551 3046 734 3128 antequam
759 3035 896 3127 singula
920 3057 1180 3128 persequamur,
1208 3033 1358 3125 primurn
1381 3033 1417 3102 in
1441 3033 1517 3102 uni·

289 3173 428 3221 versum
443 3151 651 3244 signandum
671 3160 705 3220 et
719 3151 929 3221 laudandum
944 3159 996 3219 est
1014 3149 1280 3242 consiliumque
1299 3149 1334 3218 in
1348 3149 1517 3242 eligendis

291 3267 483 3336 carminum
516 3290 659 3338 suorum
691 3268 904 3358 argumentis
932 3290 1021 3336 usus
1056 3276 1107 3336 est
1138 3277 1275 3352 noster,
1304 3265 1430 3358 quippe
1461 3264 1518 3356 qui

288 3383 433 3474 primus,
461 3395 499 3451 ut
526 3382 673 3470 videtur,
701 3383 910 3452 Graecorum
940 3403 1061 3473 graece
1091 3381 1313 3451 scribentium
1342 3381 1518 3449 Romanas

288 3497 463 3586 historias,
480 3501 658 3570 Romanos
672 3499 766 3569 viros
778 3499 874 3591 epico
891 3499 1042 3568 carmine
1056 3496 1289 3567 illustraverit.
1308 3495 1517 3565 Graecorum

290 3615 383 3685 enim
398 3614 537 3685 heroica
548 3616 664 3707 poesis
679 3637 757 3685 cum
769 3615 956 3707 antiquitus
975 3624 1048 3685 tota
1061 3637 1105 3684 ex
1120 3613 1258 3698 tabulis,
1270 3612 1335 3688 dis,
1351 3610 1515 3682 heroibus

289 3732 465 3824 penderet,
499 3731 680 3802 Choerilus
711 3732 864 3813 Samius,
900 3730 1067 3800 Herodoti
1093 3729 1287 3815 familiaris,
1317 3728 1515 3797 historicam

288 3847 467 3918 materiem
484 3871 628 3940 eamque
650 3847 850 3918 recentioris
873 3846 1074 3934 memoriae,
1102 3845 1241 3915 Persica
1264 3844 1396 3914 scilieet
1412 3843 1515 3928 bella,

290 3986 396 4033 ausus
408 3974 461 4033 est
475 3963 629 4056 aggredi.
642 3964 708 4047 Qui
719 3963 842 4034 deinde
858 3962 1093 4033 Alexandrina
1106 3972 1216 4032 aetate
1230 3959 1267 4028 in
1282 3959 1378 4052 spico
1391 3981 1517 4051 genere

288 4079 498 4166 claruerunt,
520 4079 555 4148 bi
570 4079 625 4150 vel
646 4079 688 4148 ad
702 4079 852 4172 mythice
867 4090 1071 4168 argumenta
1090 4077 1220 4147 reversi
1236 4075 1392 4144 doctrina
1405 4074 1517 4166 magis

290 4218 393 4287 quarn
409 4195 549 4286 ingenio
565 4219 606 4265 ea
623 4207 886 4283 renovaverunt,
901 4195 956 4265 vel
970 4194 1133 4264 historica
1157 4200 1375 4284 argumenta,
1393 4190 1453 4259 sed
1477 4212 1519 4258 ea

287 4295 482 4380 reconditae
495 4312 696 4403 plerumque
713 4311 942 4402 antiquitatis,
960 4311 1150 4402 elegerunt,
1171 4319 1210 4376 ut
1226 4307 1382 4376 Rhianus
1395 4309 1517 4374 Messe-

287 4427 405 4512 ro'oco;
421 4427 579 4498 nonnulli
592 4437 720 4512 tamen,
735 4427 856 4496 aulicis
870 4426 1046 4497 favoribus
1061 4423 1248 4506 inhiantes,
1265 4445 1328 4515 pro
1342 4420 1516 4491 veteribus

288 4565 390 4627 nova,
401 4566 464 4634 pro
474 4543 617 4636 sepultis
630 4542 794 4612 heroibus
803 4543 901 4613 vivos
916 4563 1017 4632 reges
1033 4563 1155 4611 canere
1171 4539 1404 4608 instituerunt.
1424 4537 1518 4605 luter

288 4682 375 4750 quos
399 4669 478 4728 ante
507 4681 628 4729 omnes
654 4659 869 4728 memorandi
892 4670 972 4726 sunt
992 4657 1050 4749 qui
1071 4655 1258 4726 Alexandri
1278 4653 1393 4745 Magni
1411 4653 1513 4738 facta,

289 4775 391 4868 longe
418 4773 566 4870 impares
590 4783 705 4846 tantae
723 4771 892 4853 materiei,
923 4772 1150 4856 celebravere,
1177 4767 1357 4839 Choerilus
1381 4767 1513 4860 junior,
