<?xml version="1.0" encoding="UTF-8"?>
<!DOCTYPE html PUBLIC "-//W3C//DTD XHTML 1.0 Transitional//EN"
    "http://www.w3.org/TR/xhtml1/DTD/xhtml1-transitional.dtd">
<html xmlns="http://www.w3.org/1999/xhtml" xml:lang="en" lang="en">
 <head>
  <title>
</title>
<meta http-equiv="Content-Type" content="text/html;charset=utf-8" />
  <meta name='ocr-system' content='tesseract 3.04.00' />
  <meta name='ocr-capabilities' content='ocr_page ocr_carea ocr_par ocr_line ocrx_word'/>
</head>
<body>
  <div class='ocr_page' id='page_1' title='image "./diearchiapoetat00reingoog_0067.png"; bbox 0 0 3830 5786; ppageno 0'>
   <div class='ocr_carea' id='block_1_1' title="bbox 949 657 1126 724">
    <p class='ocr_par' dir='ltr' id='par_1_1' title="bbox 949 657 1126 724">
     <span class='ocr_line' id='line_1_1' title="bbox 949 657 1126 724; baseline 0 -16"><span class='ocrx_word' id='word_1_1' title='bbox 949 657 1126 724; x_wconf 82' lang='lat'>-52..</span> 
     </span>
    </p>
   </div>
   <div class='ocr_carea' id='block_1_2' title="bbox 422 821 1649 1610">
    <p class='ocr_par' dir='ltr' id='par_1_2' title="bbox 422 821 1649 1610">
     <span class='ocr_line' id='line_1_2' title="bbox 424 821 1647 915; baseline -0.004 -16"><span class='ocrx_word' id='word_1_2' title='bbox 424 851 565 899; x_wconf 89' lang='lat' dir='ltr'><strong>censum</strong></span> <span class='ocrx_word' id='word_1_3' title='bbox 581 827 703 911; x_wconf 85' lang='lat' dir='ltr'><strong>dedi,a</strong></span> <span class='ocrx_word' id='word_1_4' title='bbox 719 825 815 915; x_wconf 85' lang='lat' dir='ltr'><strong>gravi</strong></span> <span class='ocrx_word' id='word_1_5' title='bbox 832 823 1035 915; x_wconf 91' lang='lat' dir='ltr'><strong>philosopho</strong></span> <span class='ocrx_word' id='word_1_6' title='bbox 1046 822 1183 904; x_wconf 86' lang='lat' dir='ltr'><strong>relatas,</strong></span> <span class='ocrx_word' id='word_1_7' title='bbox 1198 821 1282 892; x_wconf 93' lang='lat' dir='ltr'><strong>adeo</strong></span> <span class='ocrx_word' id='word_1_8' title='bbox 1294 824 1504 913; x_wconf 82' lang='lat' dir='ltr'><strong>excogitatas</strong></span> <span class='ocrx_word' id='word_1_9' title='bbox 1515 825 1647 896; x_wconf 83' lang='lat' dir='ltr'><strong>fuisse?</strong></span> 
     </span>
     <span class='ocr_line' id='line_1_3' title="bbox 422 937 1647 1044; baseline -0.006 -27"><span class='ocrx_word' id='word_1_10' title='bbox 422 947 537 1018; x_wconf 92' lang='lat' dir='ltr'><strong>Unum</strong></span> <span class='ocrx_word' id='word_1_11' title='bbox 559 943 666 1035; x_wconf 84' lang='lat' dir='ltr'><strong>igitar</strong></span> <span class='ocrx_word' id='word_1_12' title='bbox 686 950 804 1024; x_wconf 89' lang='lat' dir='ltr'><strong>restat,</strong></span> <span class='ocrx_word' id='word_1_13' title='bbox 818 950 857 1007; x_wconf 90' lang='lat' dir='ltr'><strong>ut</strong></span> <span class='ocrx_word' id='word_1_14' title='bbox 866 939 909 1008; x_wconf 88' lang='lat' dir='ltr'><strong>ad</strong></span> <span class='ocrx_word' id='word_1_15' title='bbox 924 938 1096 1030; x_wconf 89' lang='lat' dir='ltr'><strong>poeticum</strong></span> <span class='ocrx_word' id='word_1_16' title='bbox 1110 937 1260 1030; x_wconf 83' lang='lat' dir='ltr'>aliquem</span> <span class='ocrx_word' id='word_1_17' title='bbox 1273 937 1400 1007; x_wconf 92' lang='lat' dir='ltr'><strong>librum</strong></span> <span class='ocrx_word' id='word_1_18' title='bbox 1416 961 1647 1044; x_wconf 55' lang='lat' dir='ltr'><strong>recurramus,</strong></span> 
     </span>
     <span class='ocr_line' id='line_1_4' title="bbox 423 1053 1649 1154; baseline -0.004 -23"><span class='ocrx_word' id='word_1_19' title='bbox 423 1083 523 1154; x_wconf 92' lang='lat' dir='ltr'><strong>quem</strong></span> <span class='ocrx_word' id='word_1_20' title='bbox 543 1056 714 1152; x_wconf 89' lang='lat' dir='ltr'><strong>ejusmodi</strong></span> <span class='ocrx_word' id='word_1_21' title='bbox 734 1056 872 1124; x_wconf 89' lang='lat' dir='ltr'><strong>inventa</strong></span> <span class='ocrx_word' id='word_1_22' title='bbox 886 1055 1151 1123; x_wconf 89' lang='lat' dir='ltr'><strong>nonmodonon</strong></span> <span class='ocrx_word' id='word_1_23' title='bbox 1165 1053 1527 1141; x_wconf 87' lang='lat' dir='ltr'><strong>dedecuerint‚verum</strong></span> <span class='ocrx_word' id='word_1_24' title='bbox 1545 1057 1649 1126; x_wconf 90' lang='lat' dir='ltr'><strong>etiam</strong></span> 
     </span>
     <span class='ocr_line' id='line_1_5' title="bbox 423 1170 1648 1264; baseline -0.005 -17"><span class='ocrx_word' id='word_1_25' title='bbox 423 1174 670 1248; x_wconf 86' lang='lat' dir='ltr'><strong>decoraverint.</strong></span> <span class='ocrx_word' id='word_1_26' title='bbox 699 1173 798 1240; x_wconf 87' lang='lat' dir='ltr'><strong>Hunc</strong></span> <span class='ocrx_word' id='word_1_27' title='bbox 823 1192 946 1261; x_wconf 82' lang='lat' dir='ltr'><strong>graeco</strong></span> <span class='ocrx_word' id='word_1_28' title='bbox 973 1192 1145 1252; x_wconf 80' lang='lat' dir='ltr'>sermone,</span> <span class='ocrx_word' id='word_1_29' title='bbox 1166 1170 1262 1260; x_wconf 89' lang='lat' dir='ltr'><strong>epico</strong></span> <span class='ocrx_word' id='word_1_30' title='bbox 1285 1180 1394 1240; x_wconf 91' lang='lat' dir='ltr'><strong>metro</strong></span> <span class='ocrx_word' id='word_1_31' title='bbox 1417 1171 1648 1264; x_wconf 91' lang='lat' dir='ltr'><strong>conscriptum</strong></span> 
     </span>
     <span class='ocr_line' id='line_1_6' title="bbox 423 1285 1647 1384; baseline -0.002 -23"><span class='ocrx_word' id='word_1_32' title='bbox 423 1293 527 1361; x_wconf 84' lang='lat' dir='ltr'><strong>fuisse</strong></span> <span class='ocrx_word' id='word_1_33' title='bbox 544 1297 691 1384; x_wconf 83' lang='lat' dir='ltr'><strong>testatur</strong></span> <span class='ocrx_word' id='word_1_34' title='bbox 708 1311 797 1356; x_wconf 89' lang='lat' dir='ltr'><strong>unus</strong></span> <span class='ocrx_word' id='word_1_35' title='bbox 813 1309 947 1370; x_wconf 88' lang='lat' dir='ltr'><strong>versus,</strong></span> <span class='ocrx_word' id='word_1_36' title='bbox 977 1285 1068 1354; x_wconf 81' lang='lat' dir='ltr'><strong>felici</strong></span> <span class='ocrx_word' id='word_1_37' title='bbox 1091 1286 1241 1375; x_wconf 88' lang='lat' dir='ltr'><strong>quodam</strong></span> <span class='ocrx_word' id='word_1_38' title='bbox 1266 1309 1350 1355; x_wconf 91' lang='lat' dir='ltr'><strong>casu</strong></span> <span class='ocrx_word' id='word_1_39' title='bbox 1379 1310 1422 1354; x_wconf 79' lang='lat' dir='ltr'><strong>cx</strong></span> <span class='ocrx_word' id='word_1_40' title='bbox 1446 1297 1518 1356; x_wconf 88' lang='lat' dir='ltr'><strong>toto</strong></span> <span class='ocrx_word' id='word_1_41' title='bbox 1545 1311 1647 1380; x_wconf 89' lang='lat' dir='ltr'><strong>opere</strong></span> 
     </span>
     <span class='ocr_line' id='line_1_7' title="bbox 422 1401 1644 1498; baseline -0.002 -22"><span class='ocrx_word' id='word_1_42' title='bbox 422 1407 516 1476; x_wconf 90' lang='lat' dir='ltr'><strong>solus</strong></span> <span class='ocrx_word' id='word_1_43' title='bbox 532 1414 718 1498; x_wconf 80' lang='lat' dir='ltr'><strong>superstes,</strong></span> <span class='ocrx_word' id='word_1_44' title='bbox 731 1403 761 1472; x_wconf 93' lang='lat' dir='ltr'><strong>is</strong></span> <span class='ocrx_word' id='word_1_45' title='bbox 773 1401 904 1472; x_wconf 87' lang='lat' dir='ltr'><strong>scilicet</strong></span> <span class='ocrx_word' id='word_1_46' title='bbox 917 1425 985 1494; x_wconf 91' lang='lat' dir='ltr'><strong>quc</strong></span> <span class='ocrx_word' id='word_1_47' title='bbox 995 1401 1085 1493; x_wconf 92' lang='lat' dir='ltr'><strong>apud</strong></span> <span class='ocrx_word' id='word_1_48' title='bbox 1097 1401 1317 1470; x_wconf 82' lang='lat' dir='ltr'><strong>Plutarchum</strong></span> <span class='ocrx_word' id='word_1_49' title='bbox 1329 1401 1445 1472; x_wconf 87' lang='lat' dir='ltr'><strong>Venus</strong></span> <span class='ocrx_word' id='word_1_50' title='bbox 1461 1404 1644 1474; x_wconf 86' lang='lat' dir='ltr'><strong>Lucullum</strong></span> 
     </span>
     <span class='ocr_line' id='line_1_8' title="bbox 422 1501 1185 1610; baseline -0.009 -18"><span class='ocrx_word' id='word_1_51' title='bbox 422 1523 476 1592; x_wconf 93' lang='lat' dir='ltr'><strong>Ilii</strong></span> <span class='ocrx_word' id='word_1_52' title='bbox 494 1522 721 1591; x_wconf 77' lang='lat' dir='ltr'>dormientem</span> <span class='ocrx_word' id='word_1_53' title='bbox 738 1518 923 1610; x_wconf 81' lang='lat' dir='ltr'><strong>alloquitur</strong></span> <span class='ocrx_word' id='word_1_54' title='bbox 940 1541 948 1587; x_wconf 91' lang='lat'>:</span> <span class='ocrx_word' id='word_1_55' title='bbox 1180 1501 1185 1512; x_wconf 71' lang='grc'><strong>’</strong></span> 
     </span>
    </p>
   </div>
   <div class='ocr_carea' id='block_1_3' title="bbox 629 1701 1424 1788">
    <p class='ocr_par' dir='ltr' id='par_1_3' title="bbox 629 1701 1424 1788">
     <span class='ocr_line' id='line_1_9' title="bbox 629 1701 1424 1788; baseline 0 -20"><span class='ocrx_word' id='word_1_56' title='bbox 629 1709 655 1768; x_wconf 82' lang='grc' dir='ltr'><strong>τί</strong></span> <span class='ocrx_word' id='word_1_57' title='bbox 673 1701 817 1780; x_wconf 78' lang='grc' dir='ltr'>κνώσσεις,</span> <span class='ocrx_word' id='word_1_58' title='bbox 833 1703 978 1786; x_wconf 80' lang='grc' dir='ltr'>μεγάθυμε</span> <span class='ocrx_word' id='word_1_59' title='bbox 991 1704 1075 1772; x_wconf 65' lang='lat' dir='ltr'><strong>biorn</strong></span> <span class='ocrx_word' id='word_1_60' title='bbox 1092 1705 1184 1786; x_wconf 56' lang='lat' dir='ltr'><strong>espa</strong></span> <span class='ocrx_word' id='word_1_61' title='bbox 1198 1705 1228 1766; x_wconf 76' lang='grc' dir='ltr'><strong>δέ</strong></span> <span class='ocrx_word' id='word_1_62' title='bbox 1243 1727 1285 1768; x_wconf 74' lang='grc' dir='ltr'><strong>τοι</strong></span> <span class='ocrx_word' id='word_1_63' title='bbox 1303 1704 1390 1788; x_wconf 75' lang='grc' dir='ltr'><strong>ἐγγύς</strong></span> <span class='ocrx_word' id='word_1_64' title='bbox 1401 1703 1424 1768; x_wconf 87' lang='lat'><strong>¹.</strong></span> 
     </span>
    </p>
   </div>
   <div class='ocr_carea' id='block_1_4' title="bbox 421 1871 1645 2317">
    <p class='ocr_par' dir='ltr' id='par_1_4' title="bbox 421 1871 1645 2317">
     <span class='ocr_line' id='line_1_10' title="bbox 421 1871 1645 1968; baseline -0.003 -17"><span class='ocrx_word' id='word_1_65' title='bbox 421 1882 499 1951; x_wconf 89' lang='lat' dir='ltr'><strong>Jam</strong></span> <span class='ocrx_word' id='word_1_66' title='bbox 514 1902 596 1950; x_wconf 88' lang='lat' dir='ltr'><strong>vero</strong></span> <span class='ocrx_word' id='word_1_67' title='bbox 610 1901 687 1947; x_wconf 92' lang='lat' dir='ltr'><strong>cum</strong></span> <span class='ocrx_word' id='word_1_68' title='bbox 706 1897 868 1967; x_wconf 86' lang='lat' dir='ltr'><strong>graecum</strong></span> <span class='ocrx_word' id='word_1_69' title='bbox 889 1895 1025 1943; x_wconf 91' lang='lat' dir='ltr'><strong>carmen</strong></span> <span class='ocrx_word' id='word_1_70' title='bbox 1045 1871 1085 1940; x_wconf 93' lang='lat' dir='ltr'><strong>de</strong></span> <span class='ocrx_word' id='word_1_71' title='bbox 1101 1871 1208 1964; x_wconf 87' lang='lat' dir='ltr'><strong>gestis</strong></span> <span class='ocrx_word' id='word_1_72' title='bbox 1223 1873 1360 1942; x_wconf 80' lang='lat' dir='ltr'><strong>Luculli</strong></span> <span class='ocrx_word' id='word_1_73' title='bbox 1384 1897 1486 1945; x_wconf 91' lang='lat' dir='ltr'><strong>nemo</strong></span> <span class='ocrx_word' id='word_1_74' title='bbox 1511 1888 1645 1968; x_wconf 89' lang='lat' dir='ltr'><strong>praeter</strong></span> 
     </span>
     <span class='ocr_line' id='line_1_11' title="bbox 422 1988 1645 2087; baseline -0.002 -21"><span class='ocrx_word' id='word_1_75' title='bbox 422 1997 598 2076; x_wconf 81' lang='lat' dir='ltr'><strong>Archiam,</strong></span> <span class='ocrx_word' id='word_1_76' title='bbox 615 1992 706 2087; x_wconf 92' lang='lat' dir='ltr'><strong>quod</strong></span> <span class='ocrx_word' id='word_1_77' title='bbox 722 1991 862 2073; x_wconf 89' lang='lat' dir='ltr'><strong>scimus,</strong></span> <span class='ocrx_word' id='word_1_78' title='bbox 884 1988 1068 2077; x_wconf 88' lang='lat' dir='ltr'><strong>scripserit,</strong></span> <span class='ocrx_word' id='word_1_79' title='bbox 1082 1999 1222 2080; x_wconf 90' lang='lat' dir='ltr'><strong>apparet</strong></span> <span class='ocrx_word' id='word_1_80' title='bbox 1237 1989 1393 2082; x_wconf 82' lang='lat' dir='ltr'><strong>prodigia</strong></span> <span class='ocrx_word' id='word_1_81' title='bbox 1407 2014 1494 2084; x_wconf 90' lang='lat' dir='ltr'><strong>quae</strong></span> <span class='ocrx_word' id='word_1_82' title='bbox 1512 1994 1547 2061; x_wconf 94' lang='lat' dir='ltr'><strong>in</strong></span> <span class='ocrx_word' id='word_1_83' title='bbox 1565 1993 1645 2063; x_wconf 93' lang='lat' dir='ltr'><strong>Plu-</strong></span> 
     </span>
     <span class='ocr_line' id='line_1_12' title="bbox 422 2103 1641 2197; baseline 0 -17"><span class='ocrx_word' id='word_1_84' title='bbox 422 2112 527 2182; x_wconf 86' lang='lat' dir='ltr'><strong>tarcbi</strong></span> <span class='ocrx_word' id='word_1_85' title='bbox 553 2109 694 2179; x_wconf 84' lang='lat' dir='ltr'><strong>Lucullo</strong></span> <span class='ocrx_word' id='word_1_86' title='bbox 716 2108 881 2197; x_wconf 82' lang='lat' dir='ltr'><strong>leguntur</strong></span> <span class='ocrx_word' id='word_1_87' title='bbox 900 2103 1017 2174; x_wconf 91' lang='lat' dir='ltr'><strong>omnia</strong></span> <span class='ocrx_word' id='word_1_88' title='bbox 1036 2127 1077 2171; x_wconf 87' lang='lat' dir='ltr'><strong>ex</strong></span> <span class='ocrx_word' id='word_1_89' title='bbox 1097 2103 1242 2174; x_wconf 86' lang='lat' dir='ltr'><strong>Archiae</strong></span> <span class='ocrx_word' id='word_1_90' title='bbox 1267 2106 1376 2175; x_wconf 91' lang='lat' dir='ltr'><strong>nostri</strong></span> <span class='ocrx_word' id='word_1_91' title='bbox 1399 2107 1641 2180; x_wconf 77' lang='lat' dir='ltr'><strong>Mithridaticis</strong></span> 
     </span>
     <span class='ocr_line' id='line_1_13' title="bbox 421 2223 766 2317; baseline -0.02 -20"><span class='ocrx_word' id='word_1_92' title='bbox 421 2227 591 2317; x_wconf 83' lang='lat' dir='ltr'><strong>originem</strong></span> <span class='ocrx_word' id='word_1_93' title='bbox 607 2223 766 2294; x_wconf 85' lang='lat' dir='ltr'><strong>traxisse.</strong></span> 
     </span>
    </p>
   </div>
   <div class='ocr_carea' id='block_1_5' title="bbox 417 2451 1646 4404">
    <p class='ocr_par' dir='ltr' id='par_1_5' title="bbox 417 2451 1646 4404">
     <span class='ocr_line' id='line_1_14' title="bbox 464 2451 1644 2530; baseline 0.004 -4"><span class='ocrx_word' id='word_1_94' title='bbox 464 2457 541 2526; x_wconf 84' lang='lat' dir='ltr'><strong>XX.</strong></span> <span class='ocrx_word' id='word_1_95' title='bbox 568 2457 676 2524; x_wconf 91' lang='lat' dir='ltr'><strong>Nemo</strong></span> <span class='ocrx_word' id='word_1_96' title='bbox 706 2453 885 2522; x_wconf 89' lang='lat' dir='ltr'><strong>mirabitur</strong></span> <span class='ocrx_word' id='word_1_97' title='bbox 907 2451 1055 2522; x_wconf 82' lang='lat' dir='ltr'><strong>Archiae</strong></span> <span class='ocrx_word' id='word_1_98' title='bbox 1084 2474 1220 2522; x_wconf 86' lang='lat' dir='ltr'><strong>carmen</strong></span> <span class='ocrx_word' id='word_1_99' title='bbox 1253 2455 1436 2527; x_wconf 82' lang='lat' dir='ltr'><strong>Plutarcho</strong></span> <span class='ocrx_word' id='word_1_100' title='bbox 1461 2457 1497 2527; x_wconf 89' lang='lat' dir='ltr'><strong>in</strong></span> <span class='ocrx_word' id='word_1_101' title='bbox 1521 2482 1644 2530; x_wconf 88' lang='lat' dir='ltr'><strong>manus</strong></span> 
     </span>
     <span class='ocr_line' id='line_1_15' title="bbox 421 2569 1646 2663; baseline 0.003 -21"><span class='ocrx_word' id='word_1_102' title='bbox 421 2575 569 2657; x_wconf 90' lang='lat' dir='ltr'><strong>venisse,</strong></span> <span class='ocrx_word' id='word_1_103' title='bbox 598 2571 658 2663; x_wconf 92' lang='lat' dir='ltr'><strong>qui</strong></span> <span class='ocrx_word' id='word_1_104' title='bbox 682 2569 875 2638; x_wconf 91' lang='lat' dir='ltr'><strong>meminerit</strong></span> <span class='ocrx_word' id='word_1_105' title='bbox 903 2592 1005 2660; x_wconf 89' lang='lat' dir='ltr'><strong>quam</strong></span> <span class='ocrx_word' id='word_1_106' title='bbox 1030 2569 1149 2637; x_wconf 89' lang='lat' dir='ltr'><strong>sedulo</strong></span> <span class='ocrx_word' id='word_1_107' title='bbox 1173 2581 1292 2660; x_wconf 91' lang='lat' dir='ltr'><strong>poetas</strong></span> <span class='ocrx_word' id='word_1_108' title='bbox 1316 2573 1373 2642; x_wconf 90' lang='lat' dir='ltr'><strong>ille</strong></span> <span class='ocrx_word' id='word_1_109' title='bbox 1393 2575 1595 2646; x_wconf 85' lang='lat' dir='ltr'><strong>lectitaverit</strong></span> <span class='ocrx_word' id='word_1_110' title='bbox 1611 2588 1646 2646; x_wconf 91' lang='lat' dir='ltr'><strong>et</strong></span> 
     </span>
     <span class='ocr_line' id='line_1_16' title="bbox 420 2683 1642 2782; baseline 0.003 -23"><span class='ocrx_word' id='word_1_111' title='bbox 420 2698 670 2760; x_wconf 90' lang='lat' dir='ltr'><strong>commentatus</strong></span> <span class='ocrx_word' id='word_1_112' title='bbox 686 2685 742 2770; x_wconf 87' lang='lat' dir='ltr'><strong>sit,</strong></span> <span class='ocrx_word' id='word_1_113' title='bbox 760 2695 887 2777; x_wconf 89' lang='lat' dir='ltr'><strong>quanta</strong></span> <span class='ocrx_word' id='word_1_114' title='bbox 902 2684 1027 2776; x_wconf 90' lang='lat' dir='ltr'><strong>pietate</strong></span> <span class='ocrx_word' id='word_1_115' title='bbox 1045 2683 1245 2755; x_wconf 89' lang='lat' dir='ltr'><strong>Ciceronem</strong></span> <span class='ocrx_word' id='word_1_116' title='bbox 1260 2687 1502 2782; x_wconf 87' lang='lat' dir='ltr'><strong>Ciceronisque</strong></span> <span class='ocrx_word' id='word_1_117' title='bbox 1514 2693 1642 2764; x_wconf 91' lang='lat' dir='ltr'><strong>amicos</strong></span> 
     </span>
     <span class='ocr_line' id='line_1_17' title="bbox 420 2800 1640 2898; baseline 0.004 -24"><span class='ocrx_word' id='word_1_118' title='bbox 420 2807 464 2875; x_wconf 90' lang='lat' dir='ltr'><strong>sit</strong></span> <span class='ocrx_word' id='word_1_119' title='bbox 479 2810 694 2898; x_wconf 87' lang='lat' dir='ltr'><strong>prosecutus.</strong></span> <span class='ocrx_word' id='word_1_120' title='bbox 713 2801 749 2872; x_wconf 91' lang='lat' dir='ltr'><strong>Si</strong></span> <span class='ocrx_word' id='word_1_121' title='bbox 764 2801 819 2869; x_wconf 92' lang='lat' dir='ltr'><strong>cui</strong></span> <span class='ocrx_word' id='word_1_122' title='bbox 843 2812 959 2870; x_wconf 91' lang='lat' dir='ltr'><strong>tamen</strong></span> <span class='ocrx_word' id='word_1_123' title='bbox 972 2800 1197 2870; x_wconf 86' lang='lat' dir='ltr'><strong>offensionem</strong></span> <span class='ocrx_word' id='word_1_124' title='bbox 1213 2812 1350 2872; x_wconf 89' lang='lat' dir='ltr'><strong>moveat</strong></span> <span class='ocrx_word' id='word_1_125' title='bbox 1370 2806 1461 2898; x_wconf 92' lang='lat' dir='ltr'><strong>quod</strong></span> <span class='ocrx_word' id='word_1_126' title='bbox 1476 2810 1640 2894; x_wconf 88' lang='lat' dir='ltr'><strong>carmine,</strong></span> 
     </span>
     <span class='ocr_line' id='line_1_18' title="bbox 419 2916 1643 3012; baseline 0.005 -22"><span class='ocrx_word' id='word_1_127' title='bbox 419 2922 454 2990; x_wconf 92' lang='lat' dir='ltr'><strong>in</strong></span> <span class='ocrx_word' id='word_1_128' title='bbox 469 2919 567 3012; x_wconf 83' lang='lat' dir='ltr'><strong>gravi</strong></span> <span class='ocrx_word' id='word_1_129' title='bbox 582 2917 725 2987; x_wconf 88' lang='lat' dir='ltr'><strong>historia</strong></span> <span class='ocrx_word' id='word_1_130' title='bbox 739 2916 986 3008; x_wconf 88' lang='lat' dir='ltr'><strong>componenda,</strong></span> <span class='ocrx_word' id='word_1_131' title='bbox 997 2939 1079 2986; x_wconf 90' lang='lat' dir='ltr'><strong>usus</strong></span> <span class='ocrx_word' id='word_1_132' title='bbox 1093 2916 1150 3001; x_wconf 91' lang='lat' dir='ltr'><strong>sit,</strong></span> <span class='ocrx_word' id='word_1_133' title='bbox 1165 2928 1266 3009; x_wconf 84' lang='lat' dir='ltr'><strong>atque</strong></span> <span class='ocrx_word' id='word_1_134' title='bbox 1283 2919 1528 2992; x_wconf 87' lang='lat' dir='ltr'><strong>Sallustianam</strong></span> <span class='ocrx_word' id='word_1_135' title='bbox 1542 2925 1643 2996; x_wconf 88' lang='lat' dir='ltr'><strong>fidem</strong></span> 
     </span>
     <span class='ocr_line' id='line_1_19' title="bbox 418 3032 1643 3130; baseline 0.007 -26"><span class='ocrx_word' id='word_1_136' title='bbox 418 3035 594 3104; x_wconf 90' lang='lat' dir='ltr'><strong>Archiacis</strong></span> <span class='ocrx_word' id='word_1_137' title='bbox 609 3032 785 3103; x_wconf 88' lang='lat' dir='ltr'><strong>miscuerit</strong></span> <span class='ocrx_word' id='word_1_138' title='bbox 810 3032 1026 3113; x_wconf 88' lang='lat' dir='ltr'><strong>commentis,</strong></span> <span class='ocrx_word' id='word_1_139' title='bbox 1053 3033 1144 3101; x_wconf 90' lang='lat' dir='ltr'><strong>hunc</strong></span> <span class='ocrx_word' id='word_1_140' title='bbox 1171 3035 1341 3104; x_wconf 88' lang='lat' dir='ltr'><strong>recordari</strong></span> <span class='ocrx_word' id='word_1_141' title='bbox 1359 3037 1487 3130; x_wconf 87' lang='lat' dir='ltr'><strong>jubebo</strong></span> <span class='ocrx_word' id='word_1_142' title='bbox 1505 3063 1643 3112; x_wconf 92' lang='lat' dir='ltr'><strong>omnem</strong></span> 
     </span>
     <span class='ocr_line' id='line_1_20' title="bbox 418 3147 1643 3244; baseline 0.007 -23"><span class='ocrx_word' id='word_1_143' title='bbox 418 3150 738 3221; x_wconf 88' lang='lat' dir='ltr'><strong>Plutarchianarum</strong></span> <span class='ocrx_word' id='word_1_144' title='bbox 760 3149 912 3216; x_wconf 84' lang='lat' dir='ltr'><strong>Vitarum</strong></span> <span class='ocrx_word' id='word_1_145' title='bbox 930 3147 1086 3218; x_wconf 88' lang='lat' dir='ltr'><strong>habitum</strong></span> <span class='ocrx_word' id='word_1_146' title='bbox 1100 3159 1133 3218; x_wconf 91' lang='lat' dir='ltr'><strong>et</strong></span> <span class='ocrx_word' id='word_1_147' title='bbox 1149 3151 1313 3234; x_wconf 88' lang='lat' dir='ltr'><strong>colorem,</strong></span> <span class='ocrx_word' id='word_1_148' title='bbox 1334 3175 1419 3244; x_wconf 89' lang='lat' dir='ltr'><strong>quas</strong></span> <span class='ocrx_word' id='word_1_149' title='bbox 1437 3155 1481 3224; x_wconf 91' lang='lat' dir='ltr'><strong>ad</strong></span> <span class='ocrx_word' id='word_1_150' title='bbox 1504 3156 1643 3229; x_wconf 91' lang='lat' dir='ltr'><strong>lectoris</strong></span> 
     </span>
     <span class='ocr_line' id='line_1_21' title="bbox 419 3262 1641 3359; baseline 0.006 -23"><span class='ocrx_word' id='word_1_151' title='bbox 419 3267 707 3336; x_wconf 87' lang='lat' dir='ltr'><strong>oblectamentum</strong></span> <span class='ocrx_word' id='word_1_152' title='bbox 732 3263 843 3354; x_wconf 84' lang='lat' dir='ltr'><strong>magis</strong></span> <span class='ocrx_word' id='word_1_153' title='bbox 870 3284 973 3354; x_wconf 89' lang='lat' dir='ltr'><strong>quam</strong></span> <span class='ocrx_word' id='word_1_154' title='bbox 997 3262 1040 3330; x_wconf 86' lang='lat' dir='ltr'><strong>ad</strong></span> <span class='ocrx_word' id='word_1_155' title='bbox 1063 3262 1315 3335; x_wconf 88' lang='lat' dir='ltr'><strong>institutionem</strong></span> <span class='ocrx_word' id='word_1_156' title='bbox 1341 3271 1641 3359; x_wconf 90' lang='lat' dir='ltr'><strong>accommodavit;</strong></span> 
     </span>
     <span class='ocr_line' id='line_1_22' title="bbox 419 3379 1640 3476; baseline 0.007 -26"><span class='ocrx_word' id='word_1_157' title='bbox 419 3381 589 3452; x_wconf 85' lang='lat' dir='ltr'><strong>recordari</strong></span> <span class='ocrx_word' id='word_1_158' title='bbox 603 3400 822 3450; x_wconf 90' lang='lat' dir='ltr'><strong>communem</strong></span> <span class='ocrx_word' id='word_1_159' title='bbox 839 3379 1012 3447; x_wconf 90' lang='lat' dir='ltr'><strong>rhetorum</strong></span> <span class='ocrx_word' id='word_1_160' title='bbox 1029 3381 1326 3466; x_wconf 85' lang='lat' dir='ltr'><strong>consuetudinem,</strong></span> <span class='ocrx_word' id='word_1_161' title='bbox 1342 3382 1467 3474; x_wconf 90' lang='lat' dir='ltr'><strong>quihus</strong></span> <span class='ocrx_word' id='word_1_162' title='bbox 1485 3387 1640 3476; x_wconf 84' lang='lat' dir='ltr'><strong>historia,</strong></span> 
     </span>
     <span class='ocr_line' id='line_1_23' title="bbox 420 3492 1643 3592; baseline 0.007 -25"><span class='ocrx_word' id='word_1_163' title='bbox 420 3509 457 3567; x_wconf 92' lang='lat' dir='ltr'><strong>ut</strong></span> <span class='ocrx_word' id='word_1_164' title='bbox 479 3497 710 3580; x_wconf 86' lang='lat' dir='ltr'><strong>Quintilianus</strong></span> <span class='ocrx_word' id='word_1_165' title='bbox 742 3494 790 3564; x_wconf 90' lang='lat' dir='ltr'><strong>ait</strong></span> <span class='ocrx_word' id='word_1_166' title='bbox 803 3497 825 3578; x_wconf 80' lang='lat'><strong>¹,</strong></span> <span class='ocrx_word' id='word_1_167' title='bbox 856 3493 942 3564; x_wconf 91' lang='lat' dir='ltr'><strong>nihil</strong></span> <span class='ocrx_word' id='word_1_168' title='bbox 975 3492 1067 3563; x_wconf 88' lang='lat' dir='ltr'><strong>aliud</strong></span> <span class='ocrx_word' id='word_1_169' title='bbox 1096 3518 1248 3587; x_wconf 89' lang='lat' dir='ltr'><strong>unquam</strong></span> <span class='ocrx_word' id='word_1_170' title='bbox 1280 3497 1344 3566; x_wconf 84' lang='lat' dir='ltr'><strong>luit</strong></span> <span class='ocrx_word' id='word_1_171' title='bbox 1375 3523 1479 3592; x_wconf 90' lang='lat' dir='ltr'><strong>quarn</strong></span> <span class='ocrx_word' id='word_1_172' title='bbox 1507 3526 1643 3576; x_wconf 85' lang='lat' dir='ltr'><strong>carmen</strong></span> 
     </span>
     <span class='ocr_line' id='line_1_24' title="bbox 417 3609 1643 3702; baseline 0.007 -19"><span class='ocrx_word' id='word_1_173' title='bbox 417 3614 579 3683; x_wconf 84' lang='lat' dir='ltr'><strong>solutum.</strong></span> <span class='ocrx_word' id='word_1_174' title='bbox 606 3611 661 3681; x_wconf 89' lang='lat' dir='ltr'><strong>Sic</strong></span> <span class='ocrx_word' id='word_1_175' title='bbox 685 3612 759 3702; x_wconf 90' lang='lat' dir='ltr'><strong>ipse</strong></span> <span class='ocrx_word' id='word_1_176' title='bbox 783 3609 970 3694; x_wconf 87' lang='lat' dir='ltr'><strong>Lucianus‚</strong></span> <span class='ocrx_word' id='word_1_177' title='bbox 993 3631 1070 3678; x_wconf 92' lang='lat' dir='ltr'><strong>cum</strong></span> <span class='ocrx_word' id='word_1_178' title='bbox 1097 3611 1303 3682; x_wconf 89' lang='lat' dir='ltr'><strong>describeret</strong></span> <span class='ocrx_word' id='word_1_179' title='bbox 1329 3616 1486 3686; x_wconf 82' lang='lat' dir='ltr'><strong>Antiochi</strong></span> <span class='ocrx_word' id='word_1_180' title='bbox 1514 3619 1643 3691; x_wconf 89' lang='lat' dir='ltr'><strong>Soteris</strong></span> 
     </span>
     <span class='ocr_line' id='line_1_25' title="bbox 419 3727 1643 3816; baseline 0.006 -16"><span class='ocrx_word' id='word_1_181' title='bbox 419 3730 584 3800; x_wconf 87' lang='lat' dir='ltr'><strong>adversus</strong></span> <span class='ocrx_word' id='word_1_182' title='bbox 604 3727 719 3797; x_wconf 90' lang='lat' dir='ltr'><strong>Gallos</strong></span> <span class='ocrx_word' id='word_1_183' title='bbox 734 3727 904 3795; x_wconf 90' lang='lat' dir='ltr'><strong>celebrem</strong></span> <span class='ocrx_word' id='word_1_184' title='bbox 918 3747 1084 3816; x_wconf 82' lang='lat' dir='ltr'><strong>pugnam,</strong></span> <span class='ocrx_word' id='word_1_185' title='bbox 1103 3727 1280 3797; x_wconf 92' lang='lat' dir='ltr'><strong>heroicum</strong></span> <span class='ocrx_word' id='word_1_186' title='bbox 1297 3752 1435 3802; x_wconf 87' lang='lat' dir='ltr'><strong>carmen</strong></span> <span class='ocrx_word' id='word_1_187' title='bbox 1455 3734 1643 3808; x_wconf 90' lang='lat' dir='ltr'><strong>Simonidis</strong></span> 
     </span>
     <span class='ocr_line' id='line_1_26' title="bbox 419 3840 1641 3936; baseline 0.007 -21"><span class='ocrx_word' id='word_1_188' title='bbox 419 3845 590 3936; x_wconf 84' lang='lat' dir='ltr'><strong>Magnetis</strong></span> <span class='ocrx_word' id='word_1_189' title='bbox 615 3841 766 3934; x_wconf 90' lang='lat' dir='ltr'><strong>pedestri</strong></span> <span class='ocrx_word' id='word_1_190' title='bbox 790 3863 948 3910; x_wconf 91' lang='lat' dir='ltr'><strong>sermone</strong></span> <span class='ocrx_word' id='word_1_191' title='bbox 974 3840 1162 3911; x_wconf 88' lang='lat' dir='ltr'><strong>reddidisse</strong></span> <span class='ocrx_word' id='word_1_192' title='bbox 1179 3843 1348 3916; x_wconf 71' lang='lat' dir='ltr'><strong>videturl.</strong></span> <span class='ocrx_word' id='word_1_193' title='bbox 1371 3849 1535 3921; x_wconf 91' lang='lat' dir='ltr'><strong>Archiam</strong></span> <span class='ocrx_word' id='word_1_194' title='bbox 1559 3877 1641 3925; x_wconf 88' lang='lat' dir='ltr'><strong>vero</strong></span> 
     </span>
     <span class='ocr_line' id='line_1_27' title="bbox 419 3957 1641 4050; baseline 0.009 -20"><span class='ocrx_word' id='word_1_195' title='bbox 419 3963 550 4030; x_wconf 70' lang='lat' dir='ltr'><strong>conare</strong></span> <span class='ocrx_word' id='word_1_196' title='bbox 561 3982 631 4027; x_wconf 85' lang='lat' dir='ltr'><strong>rem</strong></span> <span class='ocrx_word' id='word_1_197' title='bbox 637 3957 879 4050; x_wconf 75' lang='lat' dir='ltr'><strong>prodiqr&#39;aliter</strong></span> <span class='ocrx_word' id='word_1_198' title='bbox 893 3979 998 4024; x_wconf 68' lang='lat' dir='ltr'><strong>ranam</strong></span> <span class='ocrx_word' id='word_1_199' title='bbox 1008 3967 1225 4042; x_wconf 84' lang='lat' dir='ltr'><strong>conatum‚ut</strong></span> <span class='ocrx_word' id='word_1_200' title='bbox 1236 3968 1560 4049; x_wconf 90' lang='lat' dir='ltr'><strong>excusem,verbum</strong></span> <span class='ocrx_word' id='word_1_201' title='bbox 1571 3993 1641 4040; x_wconf 90' lang='lat' dir='ltr'><strong>uon</strong></span> 
     </span>
     <span class='ocr_line' id='line_1_28' title="bbox 419 4071 1642 4178; baseline 0.009 -33"><span class='ocrx_word' id='word_1_202' title='bbox 419 4077 559 4169; x_wconf 88' lang='lat' dir='ltr'><strong>perdam</strong></span> <span class='ocrx_word' id='word_1_203' title='bbox 578 4097 586 4156; x_wconf 89' lang='grc'>;</span> <span class='ocrx_word' id='word_1_204' title='bbox 605 4083 696 4143; x_wconf 90' lang='lat' dir='ltr'><strong>recte</strong></span> <span class='ocrx_word' id='word_1_205' title='bbox 717 4073 822 4157; x_wconf 89' lang='lat' dir='ltr'><strong>enim,</strong></span> <span class='ocrx_word' id='word_1_206' title='bbox 844 4071 908 4140; x_wconf 90' lang='lat' dir='ltr'><strong>etsi</strong></span> <span class='ocrx_word' id='word_1_207' title='bbox 930 4071 1094 4156; x_wconf 82' lang='lat' dir='ltr'><strong>inflatius,</strong></span> <span class='ocrx_word' id='word_1_208' title='bbox 1125 4075 1351 4147; x_wconf 88' lang='lat' dir='ltr'><strong>Petronianus</strong></span> <span class='ocrx_word' id='word_1_209' title='bbox 1373 4079 1432 4149; x_wconf 91' lang='lat' dir='ltr'><strong>ille</strong></span> <span class='ocrx_word' id='word_1_210' title='bbox 1452 4083 1642 4178; x_wconf 86' lang='lat' dir='ltr'><strong>Eumolpus</strong></span> 
     </span>
     <span class='ocr_line' id='line_1_29' title="bbox 419 4187 1639 4285; baseline 0.007 -22"><span class='ocrx_word' id='word_1_211' title='bbox 419 4195 461 4264; x_wconf 92' lang='lat' dir='ltr'><strong>de</strong></span> <span class='ocrx_word' id='word_1_212' title='bbox 485 4193 591 4285; x_wconf 90' lang='lat' dir='ltr'><strong>epicis</strong></span> <span class='ocrx_word' id='word_1_213' title='bbox 609 4189 819 4261; x_wconf 86' lang='lat' dir='ltr'><strong>carminibus</strong></span> <span class='ocrx_word' id='word_1_214' title='bbox 834 4187 870 4258; x_wconf 95' lang='lat' dir='ltr'><strong>in</strong></span> <span class='ocrx_word' id='word_1_215' title='bbox 885 4187 1050 4257; x_wconf 89' lang='lat' dir='ltr'><strong>historico</strong></span> <span class='ocrx_word' id='word_1_216' title='bbox 1070 4200 1274 4280; x_wconf 83' lang='lat' dir='ltr'><strong>argumento</strong></span> <span class='ocrx_word' id='word_1_217' title='bbox 1296 4194 1418 4283; x_wconf 89' lang='lat' dir='ltr'><strong>positis</strong></span> <span class='ocrx_word' id='word_1_218' title='bbox 1435 4195 1484 4265; x_wconf 85' lang='lat' dir='ltr'><strong>ita</strong></span> <span class='ocrx_word' id='word_1_219' title='bbox 1498 4210 1639 4270; x_wconf 88' lang='lat' dir='ltr'><strong>censet:</strong></span> 
     </span>
     <span class='ocr_line' id='line_1_30' title="bbox 417 4304 1643 4404; baseline 0.006 -24"><span class='ocrx_word' id='word_1_220' title='bbox 417 4314 491 4382; x_wconf 91' lang='lat' dir='ltr'><strong>Non</strong></span> <span class='ocrx_word' id='word_1_221' title='bbox 500 4331 551 4377; x_wconf 85' lang='lat' dir='ltr'><strong>res</strong></span> <span class='ocrx_word' id='word_1_222' title='bbox 565 4320 677 4400; x_wconf 78' lang='lat' dir='ltr'><strong>pastae</strong></span> <span class='ocrx_word' id='word_1_223' title='bbox 692 4305 838 4374; x_wconf 83' lang='lat' dir='ltr'><strong>versibus</strong></span> <span class='ocrx_word' id='word_1_224' title='bbox 856 4304 1187 4397; x_wconf 76' lang='lat' dir='ltr'><strong>comprehendendae</strong></span> <span class='ocrx_word' id='word_1_225' title='bbox 1201 4320 1280 4375; x_wconf 85' lang='lat' dir='ltr'><strong>sunt</strong></span> <span class='ocrx_word' id='word_1_226' title='bbox 1294 4309 1402 4400; x_wconf 82' lang='lat' dir='ltr'><strong>(qood</strong></span> <span class='ocrx_word' id='word_1_227' title='bbox 1412 4309 1509 4404; x_wconf 80' lang='lat' dir='ltr'><strong>lonpe</strong></span> <span class='ocrx_word' id='word_1_228' title='bbox 1523 4315 1643 4387; x_wconf 81' lang='lat' dir='ltr'><strong>melius</strong></span> 
     </span>
    </p>
   </div>
   <div class='ocr_carea' id='block_1_6' title="bbox 416 4535 1642 4850">
    <p class='ocr_par' dir='ltr' id='par_1_6' title="bbox 416 4535 1642 4850">
     <span class='ocr_line' id='line_1_31' title="bbox 452 4535 1642 4613; baseline 0.003 -15"><span class='ocrx_word' id='word_1_229' title='bbox 452 4544 477 4598; x_wconf 99' lang='grc'><strong>1.</strong></span> <span class='ocrx_word' id='word_1_230' title='bbox 499 4541 585 4609; x_wconf 76' lang='lat' dir='ltr'><strong>plut,</strong></span> <span class='ocrx_word' id='word_1_231' title='bbox 606 4542 684 4604; x_wconf 67' lang='lat' dir='ltr'><strong>tuo„</strong></span> <span class='ocrx_word' id='word_1_232' title='bbox 705 4540 739 4593; x_wconf 84' lang='lat'><strong>12</strong></span> <span class='ocrx_word' id='word_1_233' title='bbox 767 4537 850 4608; x_wconf 85' lang='lat' dir='ltr'><strong>(unde</strong></span> <span class='ocrx_word' id='word_1_234' title='bbox 871 4535 981 4601; x_wconf 86' lang='lat' dir='ltr'><strong>Suidas,</strong></span> <span class='ocrx_word' id='word_1_235' title='bbox 1001 4551 1024 4591; x_wconf 86' lang='lat' dir='ltr'><strong>s.</strong></span> <span class='ocrx_word' id='word_1_236' title='bbox 1046 4551 1071 4590; x_wconf 82' lang='lat' dir='ltr'><strong>r.</strong></span> <span class='ocrx_word' id='word_1_237' title='bbox 1089 4537 1198 4588; x_wconf 80' lang='grc' dir='ltr'>κνώσσω</span> <span class='ocrx_word' id='word_1_238' title='bbox 1219 4543 1247 4592; x_wconf 86' lang='lat' dir='ltr'><strong>et</strong></span> <span class='ocrx_word' id='word_1_239' title='bbox 1264 4538 1447 4610; x_wconf 76' lang='grc' dir='ltr'><strong>Λούκουλλος;</strong></span> <span class='ocrx_word' id='word_1_240' title='bbox 1462 4545 1548 4605; x_wconf 74' lang='lat' dir='ltr'><strong>hott.</strong></span> <span class='ocrx_word' id='word_1_241' title='bbox 1569 4546 1642 4613; x_wconf 76' lang='lat' dir='ltr'><strong>rat,</strong></span> 
     </span>
     <span class='ocr_line' id='line_1_32' title="bbox 416 4614 1640 4752; baseline 0.003 -73"><span class='ocrx_word' id='word_1_242' title='bbox 416 4623 509 4690; x_wconf 88' lang='lat' dir='ltr'><strong>Didot‚</strong></span> <span class='ocrx_word' id='word_1_243' title='bbox 524 4621 574 4690; x_wconf 87' lang='lat' dir='ltr'><strong>lli,</strong></span> <span class='ocrx_word' id='word_1_244' title='bbox 591 4637 618 4692; x_wconf 89' lang='lat' dir='ltr'><strong>p.</strong></span> <span class='ocrx_word' id='word_1_245' title='bbox 633 4615 834 4752; x_wconf 54' lang='lat' dir='ltr'><strong>515p1t013apis</strong></span> <span class='ocrx_word' id='word_1_246' title='bbox 849 4614 957 4672; x_wconf 89' lang='lat' dir='ltr'><strong>solitam</strong></span> <span class='ocrx_word' id='word_1_247' title='bbox 970 4615 1086 4671; x_wconf 88' lang='lat' dir='ltr'><strong>Archiae</strong></span> <span class='ocrx_word' id='word_1_248' title='bbox 1100 4616 1281 4690; x_wconf 89' lang='lat' dir='ltr'><strong>posttertium</strong></span> <span class='ocrx_word' id='word_1_249' title='bbox 1296 4619 1453 4678; x_wconf 89' lang='lat' dir='ltr'><strong>trochaeum</strong></span> <span class='ocrx_word' id='word_1_250' title='bbox 1469 4623 1640 4682; x_wconf 84' lang='lat' dir='ltr'><strong>divisionem.</strong></span> 
     </span>
     <span class='ocr_line' id='line_1_33' title="bbox 451 4705 1595 4850; baseline -0.002 -12"><span class='ocrx_word' id='word_1_251' title='bbox 451 4705 481 4839; x_wconf 60' lang='grc' dir='ltr'><strong>ξ.</strong></span> <span class='ocrx_word' id='word_1_252' title='bbox 499 4705 763 4848; x_wconf 57' lang='lat' dir='ltr'><strong>indilahhlll‚deddis</strong></span> <span class='ocrx_word' id='word_1_253' title='bbox 776 4737 834 4834; x_wconf 73' lang='lat' dir='ltr'><strong>siue</strong></span> <span class='ocrx_word' id='word_1_254' title='bbox 848 4776 1011 4843; x_wconf 79' lang='lat' dir='ltr'><strong>Antiochus,</strong></span> <span class='ocrx_word' id='word_1_255' title='bbox 1025 4776 1043 4832; x_wconf 89' lang='lat'>8</span> <span class='ocrx_word' id='word_1_256' title='bbox 1057 4783 1084 4833; x_wconf 90' lang='lat' dir='ltr'><strong>et</strong></span> <span class='ocrx_word' id='word_1_257' title='bbox 1100 4776 1144 4832; x_wconf 83' lang='lat'><strong>12.</strong></span> <span class='ocrx_word' id='word_1_258' title='bbox 1160 4775 1201 4835; x_wconf 86' lang='lat' dir='ltr'><strong>Cl.</strong></span> <span class='ocrx_word' id='word_1_259' title='bbox 1218 4779 1341 4848; x_wconf 75' lang='lat' dir='ltr'><strong>suidam,</strong></span> <span class='ocrx_word' id='word_1_260' title='bbox 1356 4799 1382 4838; x_wconf 89' lang='lat' dir='ltr'><strong>s.</strong></span> <span class='ocrx_word' id='word_1_261' title='bbox 1404 4799 1429 4842; x_wconf 88' lang='lat' dir='ltr'><strong>v.</strong></span> <span class='ocrx_word' id='word_1_262' title='bbox 1447 4783 1595 4850; x_wconf 71' lang='grc' dir='ltr'><strong>Σιμωνίδης.</strong></span> 
     </span>
    </p>
   </div>
   <div class='ocr_carea' id='block_1_7' title="bbox 0 0 1920 5786">
    <p class='ocr_par' dir='ltr' id='par_1_7' title="bbox 0 0 1920 5786">
     <span class='ocr_line' id='line_1_34' title="bbox 0 0 1920 5786; baseline 0 2"><span class='ocrx_word' id='word_1_263' title='bbox 0 0 1920 5786; x_wconf 95' lang='lat' dir='ltr'><strong> </strong></span> 
     </span>
    </p>
   </div>
  </div>
 </body>
</html>
